3238 5014
777 374 998 432 „26-

296 547 365 610 diri
393 547 482 625 sioooi
508 550 696 611 aristarum?
759 547 882 611 Pseud.
917 552 1001 613 1316
1032 549 1116 611 snitu
1143 548 1224 610 3933
1254 550 1283 608 oi
1312 549 1478 634 arpentum

295 655 396 733 caleri
425 659 453 717 ot
480 676 525 717 33
553 653 692 718 inridet?
742 653 832 719 Rud.
865 659 949 718 1193
979 675 1028 738 sq.
1060 653 1152 718 Satin
1179 653 1209 716 si
1237 653 1324 732 quoii
1352 651 1472 715 boriiiai

295 761 346 823 dei
368 781 433 824 esse
456 760 528 836 bone
550 761 667 839 133333
690 760 796 823 nolunt
818 759 936 839 Aliquo
959 760 1041 824 iilud
1058 765 1151 841 poeto
1173 761 1306 841 opiinpit
1333 763 1471 839 optutum

289 867 384 947 piis?
408 866 541 951 (versus
568 872 742 932 1193-96
769 865 947 930 damnavit
962 867 1156 952 Langenus,
1178 867 1289 930 Plaut.
1315 865 1412 930 Stud.
1436 886 1468 950 p.

297 979 360 1038 369
385 974 459 1058 333).
508 974 600 1039 Trin.
619 979 682 1038 925
710 973 802 1036 Scitin
827 1023 858 1037 ..
885 974 977 1036 {nituit
999 977 1048 1038 ¹nir
1071 975 1205 1037 mimoni
1221 972 1331 1054 preti?
1377 972 1468 1036 Trin.

296 1085 380 1145 1013
406 1103 455 1164 sq.
480 1082 563 1144 3333
587 1082 622 1144 in
645 1080 840 1160 thermipolio
860 1079 1048 1145 Ooiidntiam
1063 1101 1095 1144 os
1119 1081 1241 1144 obiitne.
1289 1080 1386 1144 Truc.
1407 1084 1475 1144 553-

254 1203 256 1207 ’
297 1186 388 1251 Scitin
411 1189 514 1267 siquis
538 1192 619 1250 33333
643 1187 748 1266 tarquii
771 1189 848 1266 quin
873 1187 967 1250 nibiii
988 1188 1054 1250 sit?

383 1295 537 1380 Apparet
565 1294 672 1378 igitur
702 1295 781 1357 sotis
809 1294 1007 1379 saepissime
1036 1293 1210 1379 praemitti
1234 1292 1412 1356 adieetivis
1437 1298 1477 1356 33

295 1402 423 1482 verbis,
450 1423 582 1487 semper
599 1423 679 1466 vero
704 1400 866 1486 anteponi
890 1422 1064 1486 apocopen
1087 1405 1136 1463 snt
1165 1406 1199 1464 33
1221 1421 1285 1463 usu
1308 1397 1471 1484 probatur

294 1514 329 1572 et
344 1531 404 1593 per
428 1531 463 1572 se
488 1514 754 1573 consentanemn
778 1514 838 1590 est,
870 1508 995 1593 quippe
1025 1530 1111 1592 quae
1140 1506 1346 1592 postposita
1368 1505 1471 1580 facile

295 1620 424 1678 careret
448 1617 540 1678 omni
564 1615 744 1698 gravitate.
798 1614 871 1677 Iam
896 1613 1149 1702 qpaerentibus,
1181 1635 1262 1676 num
1287 1612 1378 1696 quod
1403 1612 1470 1676 dis-

295 1721 423 1784 crimen
438 1722 475 1784 in
491 1721 606 1786 Plauti
621 1743 685 1785 usu
710 1721 754 1783 sit
770 1720 926 1804 integrae
941 1720 1070 1785 formae
1088 1726 1121 1783 et
1138 1720 1346 1796 decurtatae,
1364 1719 1471 1784 mani-

292 1826 418 1891 festum
430 1833 481 1890 est
493 1833 673 1910 utramque
685 1825 828 1890 formam
841 1847 910 1890 non
924 1827 1024 1891 certis
1038 1826 1172 1910 legibus
1186 1848 1259 1889 esse
1273 1824 1471 1890 adstrictam

293 1933 354 1997 sed
373 1933 564 2018 promiscue
580 1933 666 2018 poni·
680 1938 712 1996 et
732 1939 811 1996 ante
829 1933 965 1997 vocales
986 1939 1020 1996 33
1039 1939 1117 1996 3333
1137 1938 1372 1997 consonantes,
1404 1933 1471 1996 De-

293 2040 398 2122 nique
428 2040 464 2102 in
494 2039 823 2123 interrogationibus
846 2040 975 2123 ubique
998 2040 1183 2120 invenitur,
1211 2038 1344 2102 adiecta
1367 2039 1471 2124 parti-

294 2146 370 2210 cula
393 2153 439 2222 33,
464 2145 573 2210 forma
595 2147 692 2228 sotin3
719 2146 835 2230 itaque
859 2146 950 2231 quod
967 2146 1104 2210 Brixius
1128 2145 1265 2231 scripsit
1286 2145 1382 2231 Oapt.
1402 2151 1465 2210 965

295 2252 381 2316 Satis
415 2251 613 2329 friermda’s?
632 2259 666 2316 33
693 2254 783 2318 Men.
815 2259 878 2318 825
909 2255 987 2316 scitis
1016 2255 1134 2316 iconius
1163 2252 1218 2316 es?
1241 2253 1367 2317 rectius
1393 2274 1469 2317 oum

294 2359 467 2424 Schoeltio
492 2359 620 2443 legitur
643 2360 701 2442 ita,
726 2366 766 2425 ut
789 2361 1069 2445 interrogationis
1094 2365 1175 2423 nota
1199 2360 1349 2424 tollatur.

772 2500 995 2566 admodum.

382 2607 437 2671 Ad
446 2607 731 2691 significationem
742 2607 930 2692 particulae
943 2610 1022 2670 33333
1033 2631 1138 2694 prope
1150 2608 1282 2672 accedit
1292 2605 1456 2670 orlnmdnm

294 2714 386 2798 quod
402 2714 611 2797 adverbium,
636 2719 675 2779 ut
691 2737 732 2778 ex
748 2715 823 2799 ipsa
840 2715 1084 2800 compositione
1108 2721 1256 2800 apparet,
1273 2713 1310 2776 id
1325 2711 1469 2811 indicat,

293 2821 384 2905 quod
408 2823 458 2885 rei
481 2820 602 2886 modus
620 2821 781 2904 admittit,
800 2841 897 2901 33333
913 2821 954 2884 od
967 2821 1093 2884 riiodnm
1110 2819 1260 2906 (vellig);
1277 2821 1350 2884 iure
1365 2819 1471 2903 igitur

292 2928 568 2993 Woelfflinus
599 2928 739 3014 (Komp.
762 2952 794 3014 p.
822 2931 876 3007 22)
910 2950 1024 2994 eorum
1048 2929 1219 3014 improbat
1241 2925 1471 3012 interpretati-

294 3053 402 3117 onem,
429 3037 488 3119 qui
513 3036 699 3121 explicant:
719 3055 829 3116 33333,
854 3036 917 3113 fore
941 3039 1029 3117 (nosz
1056 3037 1196 3116 33333333,
1220 3032 1417 3118 aierntiebff)

384 3149 411 3206 l.
447 3143 630 3228 apponitur
659 3143 888 3206 adieetivis
920 3149 959 3206 33
989 3142 1223 3207 adverbiis:
1283 3141 1374 3205 Trin.
1408 3145 1475 3205 366

292 3247 344 3311 bio
367 3249 534 3311 rutmodnm
557 3249 825 3313 33333333333333.
871 3249 961 3312 Men.
990 3254 1052 3314 255
1085 3248 1231 3312 Viniienii
1246 3247 1343 3310 tereto
1366 3246 1473 3310 odnie·

293 3355 368 3418 dnrn
385 3357 496 3418 nostine
511 3376 629 3421 333333.
655 3356 746 3420 Trin.
762 3361 825 3420 593
844 3378 892 3438 sq.
907 3355 1074 3418 odmodnm
1087 3356 1128 3419 13
1140 3355 1323 3436 3333333333.
1350 3352 1465 3438 Amph

294 3468 357 3526 268
376 3483 421 3524 nro
438 3464 552 3526 33333
568 3483 631 3525 esse
649 3467 776 3542 oportet,
795 3461 951 3540 33333333,
969 3467 1104 3526 cisiniani
1121 3462 1298 3526 nrtrnodnm.
1345 3458 1468 3525 Pseud.

294 3573 356 3633 962
386 3569 552 3632 33333333
576 3570 693 3632 incerto
718 3569 792 3633 scio.
844 3567 969 3632 Bacch.
996 3574 1058 3634 501
1086 3570 1236 3632 incertum
1260 3567 1464 3631 odinodnmst.

222 3757 224 3764 γ
291 3677 393 3740 Poen.
412 3681 475 3740 246
501 3675 643 3741 [3333333
663 3675 828 3738 (intrandum
850 3680 939 3755 3333
964 3677 1169 3738 5333333333
1182 3674 1302 3755 plerane.
1350 3670 1473 3737 Pseud.

294 3788 378 3847 1229
403 3783 569 3846 33333333
592 3783 715 3864 3333333
733 3782 879 3863 prditus,
926 3783 1016 3846 Men.
1036 3787 1099 3845 622
1119 3781 1235 3842 Tristis
1259 3778 1467 3842 ndniodnmst.

292 3890 377 3954 Cum
400 3888 623 3973 negatione
647 3890 880 3973 coniungitur:
897 3890 1001 3953 Merc.
1020 3894 1083 3952 399
1099 3887 1230 3950 Hortum
1253 3885 1309 3949 illc
1331 3883 1469 3948 nibilum

262 4018 264 4024 ’
292 3997 453 4076 quiequam
477 3996 576 4073 tacere
592 3997 711 4076 poterit
734 3995 901 4058 {admodum
925 3995 969 4076 (h.
994 4018 1021 4059 e.
1040 3996 1165 4058 333333
1191 3993 1280 4075 nibil,
1305 4013 1384 4056 nam
1409 4011 1466 4053 va-

291 4125 371 4167 nam
396 4103 552 4167 existimo
577 4124 693 4168 eorum
717 4101 954 4184 subtilitatem,
986 4102 1045 4186 qui
1069 4102 1253 4167 discrimen
1277 4120 1351 4162 esse
1373 4096 1469 4160 volu·

364 4277 390 4344 t)
411 4277 654 4332 Numerorum
678 4276 847 4330 nominibus
867 4276 1042 4347 appositum,
1056 4275 1134 4330 unde
1148 4274 1244 4345 petita
1264 4289 1329 4326 esse
1350 4269 1470 4326 videtnr

292 4347 502 4418 interpretatio
526 4351 652 4416 ziemliot,
673 4348 751 4419 apud
770 4349 910 4402 Plautum
930 4349 1071 4402 nrlrrrodnm
1090 4345 1244 4402 invenitur
1263 4359 1432 4412 numquam.
