3238 5014
332 819 429 924 (ium
459 851 500 916 de
524 851 694 916 adverbiis
725 851 768 916 ad
791 852 970 916 notionem
994 850 1188 936 augendam
1219 851 1384 914 aPlauto

216 960 380 1024 adhibitis
409 960 642 1044 quaestionem
671 960 894 1041 instituerem,
926 959 1008 1023 satis
1037 959 1088 1024 tui
1118 958 1202 1022 mihi
1229 958 1385 1022 conscius

215 1089 330 1132 unum¹
343 1072 476 1132 tanturn
499 1089 553 1131 me
576 1072 723 1132 tractare
747 1089 856 1151 genus
880 1066 1091 1150 gradationis
1117 1089 1193 1131 cum
1217 1064 1308 1150 apud
1332 1087 1386 1128 eo-

215 1174 320 1239 micos
344 1181 416 1239 tum
433 1175 521 1260 apud
539 1175 698 1240 Plantum
714 1174 815 1239 valde
831 1175 945 1238 variae
963 1197 1002 1238 00
1024 1197 1133 1259 paene
1150 1173 1384 1238 inexhaustae.

214 1283 261 1346 At
280 1305 356 1346 cum
371 1283 568 1348 universum
586 1282 735 1366 augendi
751 1299 844 1346 usum
860 1281 974 1346 Plauti
990 1281 1019 1345 si
1034 1281 1285 1366 perlustrarem,
1305 1302 1386 1344 sane

213 1388 298 1453 fines
316 1411 471 1472 egressus
489 1413 596 1454 essem
613 1388 932 1453 dissertatiunculee
950 1425 992 1434 -
1008 1410 1088 1452 nam
1112 1388 1168 1452 hic
1193 1410 1295 1472 quern
1317 1387 1385 1451 late

213 1501 330 1580 pateat
353 1497 408 1560 vel
433 1519 474 1560 ex
498 1517 537 1558 eo
562 1495 752 1578 intelleges,
772 1493 862 1578 quod
878 1495 1056 1582 permultis
1080 1494 1256 1559 vocabulis
1280 1494 1387 1558 maior

214 1601 381 1686 quaedam
400 1603 452 1665 vis
470 1602 602 1667 accedit
617 1603 810 1688 praemissis
832 1603 963 1667 voculis
983 1621 1055 1684 con,
1075 1601 1137 1685 dis,
1155 1625 1225 1687 per,
1241 1623 1322 1686 prae
1333 1638 1385 1666 —.

214 1711 296 1772 satis
321 1709 405 1773 mihi
428 1709 532 1775 habui
549 1709 728 1794 collegisse
746 1732 786 1774 ea
810 1709 1023 1793 adverbia,
1039 1709 1161 1794 quibus
1179 1709 1269 1795 apud
1285 1710 1386 1774 Plau-

214 1822 288 1880 tum
304 1822 474 1900 augentur
498 1816 723 1900 adiectiva,
749 1817 959 1899 adverbia,
984 1817 1126 1898 verba;
1145 1839 1208 1881 nec
1233 1838 1386 1902 compa-

213 1923 344 1987 rativi
368 1929 402 1988 et
426 1924 683 2010 superlativi
718 1924 911 2009 gradationi
948 1925 1059 1990 denuo
1090 1946 1226 2010 operam
1260 1945 1386 1987 navare

212 2030 297 2094 mihi
320 2030 404 2096 utile
430 2053 503 2096 esse
527 2031 717 2116 videbatur,
744 2033 824 2116 quia
854 2039 889 2097 et
911 2033 1050 2097 voculas
1075 2031 1304 2116 comparativo
1329 2053 1386 2116 ap-

213 2137 340 2221 positas
365 2137 549 2222 diligenter
573 2140 783 2204 enumeravit
806 2141 957 2204 Fraess
983 2139 1142 2204 dorfius
1167 2139 1203 2202 in
1227 2137 1386 2202 disserta-

212 2244 306 2308 tione
335 2245 372 2307 dc
399 2250 601 2327 eorapcroliui
628 2268 689 2310 osu
718 2247 864 2310 Plautino
893 2245 1051 2333 scripta*)
1088 2245 1133 2331 (p.
1160 2251 1197 2309 31
1225 2247 1321 2329 sqq),
1353 2252 1386 2308 et

212 2329 299 2434 linae
325 2353 570 2437 superlativum
588 2360 715 2438 augent
732 2353 894 2417 adverbia
908 2358 1044 2439 praeter
1059 2352 1163 2416 rccolto’
1181 2351 1271 2438 apud
1286 2352 1385 2417 Plau·

213 2464 285 2523 turn
309 2465 445 2525 exstant
468 2461 563 2525 nulla
576 2459 648 2544 (cfr.
676 2460 955 2526 Schmalzium
977 2462 1014 2524 in
1030 2460 1197 2546 ,Mrolcoi
1213 2459 1386 2524 Ilondbacb

213 2564 267 2627 dn·
289 2565 381 2630 lclcsa
407 2567 696 2652 A.ltertrnascciss‘.“,
720 2568 787 2632 vol.
812 2567 856 2650 H,
881 2591 912 2654 p.
942 2568 1029 2652 541).

301 2691 416 2775 Atque
440 2692 505 2757 hoc
529 2693 677 2777 augendi
700 2715 809 2778 genus
831 2700 965 2779 praeter
989 2700 1102 2758 cetera
1126 2693 1267 2777 dignum
1292 2692 1386 2757 vide-

214 2796 322 2880 batur,
349 2798 390 2862 de
415 2822 482 2882 quo
507 2801 697 2865 accuratius
723 2800 954 2866 dissereretur.
1002 2802 1178 2884 Nusquam
1202 2801 1293 2864 enirn
1316 2807 1387 2864 tam

214 2903 395 2968 manifesto
419 2907 623 2991 perspicitur
648 2908 820 2973 cotidiano
850 2931 915 2972 usu
939 2908 1103 2973 sermonis
1134 2913 1295 2993 perpetuo
1318 2907 1387 2980 alia

215 3009 380 3074 vocabula
408 3010 561 3076 obsolere
591 3018 625 3078 et
656 3036 719 3078 usu
748 3014 833 3097 tolli,
865 3015 932 3078 alia
961 3014 1106 3079 adscisci
1130 3021 1232 3099 atque
1256 3015 1385 3096 novari,

213 3138 327 3200 quam·
344 3117 380 3180 in
410 3119 493 3204 ipsis
522 3120 693 3185 adverbiis
718 3121 762 3185 ad
785 3122 961 3186 notionem
989 3121 1181 3206 augendam
1203 3122 1384 3207 usurpatis.

211 3223 299 3288 Nam
330 3225 397 3288 alia
426 3226 594 3291 eiusmodi
623 3227 785 3293 adverbia
814 3229 936 3294 Plauto
960 3230 1042 3293 trita
1066 3228 1156 3316 apud
1180 3229 1385 3294 recentiores

212 3338 292 3396 sunt
316 3331 523 3417 oblitterata,
550 3335 617 3399 alia
640 3337 676 3400 in
701 3337 852 3420 classico,
872 3337 930 3421 qui
954 3337 1090 3420 dicitur,
1115 3359 1269 3402 sermone
1293 3337 1385 3401 haud

210 3460 285 3512 raro
303 3438 458 3504 adhibita
474 3463 493 3504 0
509 3442 629 3507 Plauto
646 3444 758 3507 aliena
774 3449 854 3508 sunt
866 3450 925 3509 aut
942 3443 1132 3528 antiquiore
1150 3449 1261 3508 aetate
1277 3445 1386 3509 latent

212 3547 309 3630 quasi
324 3546 550 3632 incunabulis
567 3572 631 3614 000
646 3573 755 3635 pauca
772 3552 905 3636 vulgari
923 3552 1069 3616 sermoni
1094 3550 1272 3635 debentur,
1298 3574 1384 3637 quae

211 3653 341 3739 respuit
364 3660 577 3738 posterorum
591 3657 780 3740 urbanitas,
798 3659 964 3723 nonnulla
988 3658 1135 3744 denique
1160 3659 1250 3745 apud
1273 3660 1385 3745 ipsum

212 3760 370 3825 Plautum
401 3785 496 3828 suam
526 3764 695 3850 quodque,
727 3771 765 3830 ut
795 3766 845 3830 ita
869 3766 990 3849 dicam,
1022 3766 1233 3852 provinciam
1256 3767 1385 3834 habent

213 3868 460 3935 adiectivorum
484 3872 742 3958 verborumque,
768 3873 891 3958 quibus
916 3874 1092 3939 accedunt.

301 3995 396 4072 Quae
419 4018 496 4060 curn
518 3997 568 4061 ita
591 3998 668 4082 sint,
695 3999 738 4063 ad
754 3999 868 4064 Plauti
890 4022 990 4066 usum
1014 4000 1153 4067 dicendi
1177 4023 1383 4086 cognoscen-

212 4101 292 4166 dum
315 4121 384 4166 non
408 4102 534 4169 nullius
558 4106 720 4171 momenti
745 4129 819 4171 0000
842 4108 926 4172 mihi
949 4108 1140 4192 videbatur,
1160 4131 1227 4193 qua
1250 4108 1383 4173 ratione

211 4209 295 4274 haec
319 4209 482 4275 adverbia
496 4217 599 4297 poeta
622 4212 826 4300 adhibuerit,
852 4237 1013 4300 quaerere
1039 4217 1238 4282 accuratius.
1292 4217 1382 4282 Sane
