3238 5014
669 923 710 990 ea
734 925 770 991 a
798 923 836 991 u.

164 1059 226 1160 lle
264 1058 488 1162 adverbiis
526 941 754 1191 qualitatis
773 1057 828 1159 ad
855 1059 1070 1161 notionem
1092 1060 1333 1190 aagendam

630 1251 868 1382 usurpatis.

251 1501 365 1565 Plauti
397 1499 555 1566 ubertate
586 1520 625 1562 aa
661 1498 828 1562 varietate
863 1496 1002 1562 dicendi
1036 1498 1085 1582 fia,
1118 1505 1157 1564 ut
1192 1521 1261 1564 non
1297 1523 1336 1564 ea

163 1616 297 1672 tantum
326 1606 490 1670 adverbia
520 1603 562 1668 ad
591 1601 829 1668 affirmandum
860 1602 1096 1688 adhibeantur,
1131 1628 1217 1689 quae
1249 1628 1335 1691 pro·

164 1715 252 1800 prie
274 1714 344 1778 vim
369 1710 562 1776 affirmandi
587 1709 773 1792 continent,
791 1708 851 1773 sed
875 1732 1128 1795 nonnumquam
1145 1733 1186 1776 ea
1202 1734 1336 1796 quoque

165 1825 387 1901 assumantur,
430 1840 516 1902 quae
549 1816 792 1901 qualitatem
826 1815 997 1899 quandam
1023 1817 1186 1882 indicant.
1246 1819 1336 1883 Sane

164 1927 249 1992 haee
283 1925 445 1991 adverbia
478 1947 548 1989 non
578 1923 663 1988 adeo
700 1922 943 2006 debilibantur‚
979 1929 1018 1988 ut
1052 1924 1171 1988 innata
1197 1926 1335 1990 notione

164 2033 361 2102 oblitterata
383 2037 554 2117 ponantur
583 2029 730 2114 simplici
754 2027 947 2093 affirmandi
973 2030 1015 2114 vi,
1046 2031 1106 2095 sed
1130 2054 1263 2117 semper
1285 2055 1335 2096 re-

163 2140 276 2202 tinent
311 2159 400 2220 eam,
438 2159 538 2220 quam
573 2135 709 2221 proprie
739 2135 903 2218 indicant,
935 2135 1148 2220 qualitatem:
1186 2142 1336 2201 attamen

165 2267 241 2309 oum
264 2243 357 2308 haud
379 2265 454 2307 raro
479 2244 553 2306 sine
571 2241 674 2306 dubio
707 2241 923 2306 affirment
946 2241 1121 2307 notionem
1144 2242 1334 2326 verborum,

166 2349 289 2431 quibus
318 2343 543 2432 apponuntur,
575 2349 677 2412 etiarn
711 2348 753 2413 de
787 2347 958 2412 adverbiis
994 2348 1209 2432 qualitatis
1240 2373 1337 2414 aonu-

167 2452 273 2516 ratius
301 2474 462 2536 quaerere
493 2475 613 2538 operae
647 2455 793 2539 pretium
822 2461 882 2518 est.
943 2454 1042 2532 Quod
1071 2456 1120 2519 sie
1148 2456 1349 2540 instituam·

167 2565 205 2621 ut
240 2560 414 2644 primum
451 2582 491 2624 ea
518 2583 642 2645 ponam
672 2561 843 2646 adverbia,
879 2584 966 2646 quae
996 2561 1124 2627 bonae
1154 2563 1336 2627 notionis

165 2669 254 2747 sunt,
279 2670 424 2749 tumea,
450 2689 537 2750 quae
560 2667 699 2731 malae.

428 2805 469 2870 A.
496 2806 698 2872 adverbia
721 2809 854 2874 bonae
877 2810 1076 2875 notionis.

700 2931 811 2995 bene

258 3060 285 3118 l.
311 3053 494 3138 apponitur
522 3052 751 3118 adieetivis
788 3061 822 3119 et
857 3057 1096 3142 participiis
1130 3059 1337 3124 adieetivi

165 3183 270 3225 more
300 3159 487 3245 usurpatis:
520 3159 616 3245 (lapt.
650 3167 713 3226 966
743 3161 815 3224 bene
842 3163 1015 3243 moriperus
1043 3165 1106 3242 suit
1123 3187 1213 3245 puer.
1262 3167 1336 3230 (las.

168 3274 230 3331 596
254 3267 383 3330 attane
408 3267 527 3329 noricus
550 3267 636 3330 credis
658 3267 761 3345 feristi
783 3268 870 3333 ruiti.
919 3269 1024 3333 Stich.
1051 3275 1113 3336 745
1138 3271 1225 3334 Beue
1248 3293 1337 3351 quom

168 3372 259 3455 lautu,
292 3377 380 3448 larsa,
412 3377 529 3448 oruata,
559 3374 670 3455 polest,
700 3375 837 3453 infirtast
866 3379 974 3438 raazaa.
1022 3374 1085 3459 frg.
1119 3383 1161 3442 94
1190 3377 1240 3441 aa
1268 3378 1338 3441 teni:

163 3482 258 3557 potus
276 3476 416 3557 primulo
441 3479 628 3558 crepusculo.

258 3590 286 3648 2.
312 3583 493 3668 apponitur
516 3583 670 3648 verbis:

257 3712 285 3753 a.
310 3689 424 3753 verbis
450 3688 576 3754 bonae
600 3691 803 3755 notionis:
829 3693 925 3779 Oapt.
954 3699 1015 3759 138
1038 3694 1073 3757 aa·
1093 3700 1120 3757 ta
1143 3696 1215 3758 terre
1239 3703 1339 3758 (aaran

169 3793 214 3876 (v.
240 3796 331 3858 Brix.
357 3797 393 3859 in
418 3795 514 3882 Oapt.
542 3795 629 3881 134).
678 3796 774 3861 Cure.
794 3804 856 3863 577
875 3821 925 3883 sq.
950 3799 995 3862 Ar
1018 3800 1061 3864 ila
1084 3821 1167 3864 oreae
1192 3803 1337 3881 uolsellam,

166 3905 281 3981 proteo,
306 3901 515 3965 ralarur'slrum
538 3925 638 3966 oleum
661 3903 748 3966 Beue
770 3926 817 3968 rue
840 3907 999 3970 arriusaa'ot.
1049 3909 1120 3972 Mil.
1148 3914 1208 3974 231
1236 3933 1284 3993 sq.
1310 3915 1341 3972 ul

169 4012 195 4069 le
219 4007 363 4088 Iuppiter
385 4007 472 4070 Beue
496 4015 583 4074 (cerret
631 4013 732 4076 Poen.
762 4018 845 4077 1325
868 4037 916 4097 sq.
943 4014 992 4077 Ita
1018 4035 1063 4077 rue
1085 4015 1230 4097 Iuppiter
1253 4017 1339 4078 Baua

168 4120 254 4178 (tinet.
309 4113 413 4178 Stich.
446 4120 510 4179 504
539 4115 589 4178 Ilo
614 4118 944 4184 inamoenaque.
998 4121 1094 4186 Cure.
1126 4127 1190 4186 574
1221 4145 1269 4205 sq.
1295 4122 1339 4184 Ar

169 4223 211 4284 ilo
236 4243 281 4283 rue
305 4221 461 4285 ›ranclarreru
485 4227 513 4284 et
535 4222 658 4304 clypeus
680 4224 768 4287 Boua
791 4226 902 4290 irrorat.
950 4227 1052 4292 Mero.
1077 4232 1141 4291 864
1158 4251 1206 4311 sq.
1232 4229 1338 4293 iraeneo

176 4328 246 4405 Vm,
268 4329 367 4391 Lares
396 4329 498 4411 violes,
534 4336 569 4393 ut
595 4351 642 4393 raa
669 4331 741 4394 berre
768 4334 888 4396 iae-etia.
947 4335 1047 4398 Most.
1083 4339 1167 4398 1036
1190 4334 1284 4398 Naar
1314 4341 1340 4398 te
