3238 5014
776 411 995 470 ...20-

303 581 404 660 Grr'pe
429 579 536 643 iaderae
560 602 678 660 aaran,
704 584 738 646 in
763 583 937 648 codicibus
961 585 1087 669 legitur
1107 590 1236 668 oppida
1257 591 1469 656 circumvecta·

301 685 356 750 ber
378 693 450 763 cet.;
474 689 598 774 Gripus
625 690 712 752 enim
746 712 863 754 servus
887 691 1046 756 thesauro
1070 694 1219 778 invento,
1245 697 1328 780 quid
1351 705 1469 783 postea

300 795 344 858 sit
367 801 535 878 gesturus,
561 795 692 858 iactans
717 803 901 860 enumerat.
950 797 1004 860 Ad
1020 805 1165 865 metrum
1182 802 1218 865 in
1233 803 1345 887 priore
1369 827 1469 870 versu

297 901 547 967 restituendum
571 902 629 966 alii
654 901 747 966 aliud
771 909 1024 988 temptaverunt
1040 903 1123 987 (vid.
1149 907 1312 974 Schoellii
1328 910 1468 976 adnota-

297 1006 448 1091 tionem).
503 1009 581 1092 Ipse
610 1008 800 1072 Scheellius
828 1009 935 1091 igitur
963 1012 1098 1096 scripsit
1121 1014 1246 1094 oppido
1275 1024 1467 1102 comparato

296 1117 395 1181 Most.
428 1121 491 1179 803
515 1116 697 1196 prraaebraa
730 1118 862 1197 appiae:
896 1141 975 1182 nam
1005 1119 1132 1198 eprrida
1161 1143 1204 1185 ne
1228 1129 1306 1208 apte
1330 1123 1467 1208 quidem

298 1223 364 1287 diei
390 1229 506 1287 censet
530 1223 751 1306 sequentibus
775 1225 888 1288 verbis
911 1225 1059 1305 oppidana
1083 1245 1229 1308 macram
1251 1231 1465 1295 coraraoeaiba.

297 1331 365 1396 Sed
390 1331 573 1416 aptissime,
599 1338 636 1394 ut
659 1331 744 1395 mihi
771 1332 905 1414 viditur,
929 1333 1039 1417 priore
1062 1333 1137 1398 loco
1162 1333 1299 1400 additur
1322 1337 1467 1418 appiam

294 1461 373 1502 nam
397 1438 461 1501 hoc
484 1438 593 1522 ipsum
621 1461 694 1502 cum
714 1439 884 1521 eloquitur
901 1441 1054 1504 servulus
1071 1461 1211 1525 magnas
1227 1465 1281 1506 res
1297 1443 1333 1507 in
1349 1451 1464 1508 mente

296 1546 431 1628 agitans
454 1544 661 1629 perducitur,
681 1551 719 1607 ut·
736 1567 804 1609 nen
821 1546 930 1609 seium
949 1547 1072 1632 oppida
1091 1547 1210 1628 visere,
1229 1551 1465 1613 verumetiam
1587 1581 1588 1612 i

294 1653 350 1716 vel
379 1653 451 1738 ipse
483 1652 627 1716 condere
658 1652 756 1724 velita
787 1652 911 1716 deinde
942 1653 1027 1718 illud
1057 1661 1226 1739 repugnat
1250 1656 1464 1721 coniecturae
1587 1683 1588 1704 ¹

294 1759 467 1841 Schoellii,
493 1759 583 1843 quod
607 1760 732 1839 eppido
756 1759 1011 1822 circaraecetaber
1034 1761 1127 1825 nullo
1151 1761 1285 1826 obiecto
1309 1764 1463 1849 apposito

292 1867 489 1950 significans
506 1866 618 1946 abique
633 1866 896 1947 eirearrarciaber,
909 1872 948 1930 ut
962 1865 1046 1931 mihi
1063 1868 1200 1950 quidem
1216 1867 1361 1950 videtur,
1378 1870 1463 1933 tole-

290 1975 358 2038 rari
382 1975 510 2058 nequit.
559 1973 816 2058 Simplicissime
847 1978 990 2036 metrum
1020 1979 1160 2038 sanatur
1183 1982 1322 2059 accepta
1345 1975 1463 2040 Bothii

289 2082 477 2146 mutatione
508 2079 809 2161 cirarrraerrtiiatar,
842 2102 942 2162 quarn
970 2079 1128 2164 probavit
1159 2081 1409 2146 Fleckeisenus.

379 2243 499 2326 Itaque
524 2264 599 2306 cum
625 2239 714 2326 ¹apud
731 2241 889 2304 Plautum
912 2263 981 2304 ncn
1005 2240 1118 2305 desint
1135 2242 1271 2325 quidem
1297 2243 1459 2327 exempla,

289 2349 412 2434 quibus
436 2349 552 2430 oppida
577 2349 710 2413 aceedit
735 2347 974 2430 adiectivis,
993 2347 1052 2412 sed
1076 2348 1182 2412 multo
1207 2350 1340 2433 saepius
1364 2349 1459 2412 inve-

287 2457 435 2537 niantur,
475 2456 598 2539 quibus
630 2455 812 2540 apponitur
844 2454 994 2518 verbis:
1030 2477 1165 2540 prorsus
1196 2462 1360 2520 mutatam
1388 2477 1460 2520 rem

286 2563 442 2630 videmus
459 2561 550 2649 apud
562 2562 807 2643 Terentium,
822 2562 880 2645 qui
896 2583 1079 2644 numquam
1091 2561 1206 2642 oppida
1219 2562 1375 2627 adiunxit
1385 2584 1458 2627 ver·

286 2672 349 2754 bis,
375 2670 436 2735 sed
452 2670 533 2734 solis
550 2668 730 2733 adiectivis
748 2666 819 2750 (cir.
844 2668 1055 2751 Langenum,
1073 2669 1172 2734 Anal.
1196 2670 1218 2733 1.
1243 2692 1267 2732 s.
1294 2668 1344 2754 s).
1391 2669 1456 2733 De·

286 2779 391 2864 nique
414 2783 492 2864 post
514 2776 679 2842 Livium
703 2775 818 2856 aprrrirle
835 2796 970 2860 prorsus
989 2776 1129 2841 evanuit
1150 2782 1183 2840 et
1208 2776 1456 2853 aQuintiiiano

286 2907 347 2971 pre
371 2885 505 2950 exoleto
528 2883 683 2949 habetur.

807 3007 940 3071 valde.

374 3117 588 3183 Adverbium
613 3116 706 3199 radda,
732 3113 825 3200 quod
849 3138 868 3177 a
885 3115 1047 3178 Cicerone
1072 3111 1249 3177 adiectivis
1273 3107 1452 3191 verbisque

284 3226 466 3311 apponitur
490 3223 695 3309 saepissime,
721 3219 812 3306 apud
828 3221 986 3286 Plautum
1008 3218 1114 3282 multo
1138 3215 1246 3280 rarius
1269 3213 1452 3278 invenitur.

376 3374 403 3434 1.
435 3367 650 3432 adiective
676 3367 858 3450 apponitur
880 3385 948 3428 uno
972 3367 1105 3426 tantum
1127 3359 1218 3424 loeo:
1242 3356 1364 3423 Pseud.
1392 3360 1454 3426 145

283 3477 333 3540 Iia
357 3497 409 3558 epa
433 3479 536 3537 eastra
560 3473 651 3537 latera
677 3471 753 3535 loris
775 3473 898 3555 fasciari,
924 3475 958 3534 ai
981 3468 1080 3533 aalide
1102 3468 1189 3534 earia
1212 3467 1286 3547 siai,
1317 3463 1377 3529 ubi
1401 3462 1454 3528 al-

281 3581 569 3650 litteratienis
593 3579 706 3644 studio
732 3578 850 3644 deberi
873 3579 1010 3643 videtur
1034 3575 1188 3640 aPlauto
1205 3591 1332 3636 summa
1350 3569 1454 3632 licen-

281 3694 329 3758 tia
353 3695 534 3776 usurpatae
559 3686 632 3771 (cfr.
657 3685 844 3752 Woelfflin.
868 3709 899 3770 p.
927 3687 969 3763 9).

371 3839 399 3900 2.
425 3834 600 3917 aliquanto
618 3829 752 3916 saepius
770 3828 952 3916 apponitur
975 3822 1132 3888 verbis:
1157 3820 1260 3886 Mero.
1277 3823 1320 3884 42
1338 3817 1454 3881 Amare

282 3940 379 4008 aalide
409 3941 495 4021 coepi
522 3937 594 4003 diac
622 3938 817 4001 meretricem.
866 3933 936 3999 Mil.
969 3936 1033 3995 852
1061 3927 1162 3992 ecriide
1188 3926 1349 3991 cassabant
1371 3923 1450 3988 cadi.

277 4049 342 4135 frg.
367 4053 410 4114 34
433 4053 559 4127 aterque
581 4045 668 4109 ealda
692 4044 818 4108 dcarzai.
860 4038 944 4106 aud.
964 4043 1026 4104 303
1050 4040 1086 4099 ai
1103 4054 1187 4099 aare
1209 4031 1308 4096 aalide
1324 4031 1452 4109 llaetaai

279 4177 370 4221 arare.
417 4155 519 4220 Marc.
538 4159 579 4219 50
603 4151 752 4216 Lacerari
774 4149 875 4214 aalide
896 4167 984 4212 seram
1009 4165 1082 4209 rere.
1129 4143 1231 4208 Mera.
1258 4143 1319 4203 103
1343 4136 1449 4213 ridete,

280 4283 371 4344 qaam
394 4261 474 4326 miii
495 4260 583 4325 vaide
600 4259 765 4341 placerent.
819 4253 942 4339 Amph.
976 4257 1071 4316 1062.
1103 4253 1186 4315 1130
1216 4242 1316 4308 aalide
1340 4243 1448 4307 terruit.

278 4369 369 4436 Pers.
394 4374 458 4434 427
484 4373 536 4432 iaa
560 4387 619 4432 aaa·
642 4365 743 4430 aalide
765 4363 851 4426 calci.
