3238 5014
605 370 863 466 ⁸-23—

254 583 282 642 2.
299 577 437 642 verbis
454 579 651 664 apponitur:
670 579 765 664 Oapt.
785 584 848 643 667
862 579 1132 671 Adstrtnpttetstt
1146 579 1239 644 cattis
1255 581 1339 645 cetae·

162 690 276 748 menter
299 705 419 748 nonna.
459 685 559 771 Epid.
587 691 649 749 276
675 706 757 749 annes
773 685 958 748 uehementer
974 691 1007 749 tn
1023 687 1119 751 tttann.
1161 687 1256 752 Cure.
1276 693 1340 753 724

163 796 190 854 te
204 791 390 854 neteanenter
399 793 507 872 perire
523 793 623 872 enptc.
660 792 732 857 Mil.
752 799 814 857 205
831 792 1016 856 uehementer
1031 794 1102 856 etan
1118 792 1152 877 (1.
1167 816 1194 857 e.
1208 794 1338 876 plectit).

162 898 252 963 Rud.
279 903 342 962 903
367 897 518 976 stnetnare
540 899 627 962 rideo
654 898 837 962 uehementer
858 920 950 963 cnara.
998 901 1099 965 Most.
1125 891 1187 966 841
1213 897 1247 992 ea
1262 900 1342 966 anthi

161 1005 296 1088 protecto
330 1010 438 1068 cancta
465 1005 651 1070 uehementer
678 1006 806 1089 placent.
856 1006 980 1072 Bacch.
1015 1012 1099 1072 1158
1132 1007 1244 1070 Tactus
1271 1004 1366 1071 sain

163 1111 348 1175 uehementer
369 1113 461 1176 ciacc.
511 1114 607 1178 (turc.
634 1119 697 1178 568
729 1112 884 1196 Vapulare
906 1134 959 1194 epc
984 1119 1010 1176 te
1033 1113 1218 1177 venementer
1241 1116 1339 1180 tabeo.

164 1219 330 1284 Similiter
359 1219 465 1303 igitur
487 1242 528 1285 ac
549 1221 636 1283 catate
660 1221 708 1284 eis
732 1220 845 1284 verbis
869 1221 1083 1305 potissimum
1108 1221 1241 1286 accedit
1256 1222 1341 1285 cetae·

164 1331 286 1402 naenter,
305 1349 391 1410 quae
406 1325 562 1390 indicant
583 1326 739 1389 uehemens
755 1327 885 1410 aliquid
901 1328 1135 1408 ntotcntnncqna
1154 1335 1256 1412 atque
1271 1351 1339 1394 uno

163 1439 298 1497 tantum
330 1434 404 1498 loco
439 1435 576 1519 propria
611 1433 816 1517 significatio
853 1434 937 1498 adeo
972 1435 1170 1499 oblitterata
1204 1443 1270 1518 est,
1302 1442 1340 1500 ut

164 1539 351 1603 uehementer
375 1546 565 1626 apponatur
587 1541 691 1604 verbo
714 1541 817 1622 ptacec
834 1542 947 1621 (Most.
973 1541 1061 1626 841).
1109 1543 1163 1606 Ita
1186 1565 1277 1626 vero,
1302 1549 1341 1607 ut

168 1669 207 1710 ea
235 1647 340 1710 verba
369 1647 525 1729 affirmet,
558 1669 644 1731 quae
674 1669 785 1730 neque
816 1648 1076 1712 commotionem
1105 1650 1212 1714 ullam
1235 1650 1340 1715 animi

167 1775 230 1816 nec
252 1754 383 1818 roboris
408 1761 442 1818 et
465 1755 646 1838 gravitatis
670 1755 844 1818 notionem
866 1756 1051 1837 continent,
1069 1756 1215 1820 velutin
1233 1756 1340 1822 Goelii

166 1860 210 1923 ed
234 1860 430 1925 Ciceronem
464 1862 610 1946 epistula
638 1856 767 1944 legitur
797 1861 855 1945 (ad
885 1860 963 1926 fam.
988 1862 1095 1945 VIIL,
1122 1864 1174 1946 8).·
1197 1863 1269 1925 tinec
1291 1884 1340 1926 nee

164 1967 349 2030 uehementer
362 1967 403 2030 aa
414 1989 460 2029 nnc
469 1969 611 2051 pertinet,
627 1969 781 2051 quamvis
795 1969 883 2032 hane
893 1969 1099 2034 locutionem
1110 1970 1153 2034 ad
1163 1971 1339 2054 vulgarem

164 2096 354 2138 sermonem
381 2074 594 2138 referendam
625 2097 698 2138 esse
727 2096 797 2138 non
826 2076 1032 2158 negaverim,
1064 2077 1154 2161 apud
1181 2078 1340 2142 Plautum

165 2179 350 2268 venementer
373 2202 442 2243 non
465 2182 647 2254 invenitur.

694 2307 809 2369 satis.

256 2410 468 2473 Aduerbium
504 2413 581 2473 35553
608 2413 743 2498 proprie
775 2413 968 2496 significare
997 2414 1050 2496 id,
1083 2415 1173 2498 quod
1202 2415 1339 2500 sufficit,

168 2517 258 2579 inter
292 2538 408 2580 omnes
445 2523 591 2600 constat3
631 2541 887 2604 nonnumquam
920 2527 1035 2584 tamen
1064 2515 1154 2607 apud
1181 2523 1340 2589 Plautum

165 2645 267 2686 sensu
306 2644 463 2706 nexuque
498 2625 695 2709 verborum,
733 2628 856 2710 quibus
897 2629 1093 2714 apponitur,
1129 2630 1256 2693 rectius
1292 2631 1340 2694 sie

165 2728 402 2814 explicandum
429 2753 502 2794 esse
519 2731 665 2814 videtur,
691 2739 729 2796 ut
746 2735 790 2796 sit
807 2734 905 2817 calda
919 2740 997 2797 reete
1013 2733 1085 2818 (cfr.
1104 2736 1338 2815 Woelfflin,

164 2859 195 2920 p.
228 2834 293 2919 23).
341 2837 411 2901 Sed
441 2861 517 2901 oum
548 2838 655 2901 altera
685 2840 890 2922 significatio
914 2841 1006 2905 haud
1030 2843 1078 2904 ita
1103 2841 1273 2927 discrepet
1297 2844 1339 2907 ab

164 2943 278 3025 attera,
305 2950 339 3007 et
360 2944 403 3007 ad
420 2967 522 3028 quam
537 2945 713 3008 notionem
731 2946 866 3029 singula
883 2950 1036 3033 exempta
1051 2949 1243 3013 revocanda
1260 2951 1338 3033 sint,

162 3056 254 3114 certo
285 3051 422 3114 definiri
445 3057 603 3135 nequeat,
628 3058 780 3136 praestat
804 3075 1000 3120 enumerare
1025 3056 1188 3141 exempla,
1216 3057 1339 3140 quibus

160 3157 301 3236 Plautus
319 3157 521 3241 particulam
536 3160 615 3220 satis
631 3158 674 3222 ad
686 3160 757 3222 vim
770 3159 950 3224 verborum
967 3160 1158 3245 augendam
1171 3162 1337 3228 adhibuit.

253 3286 281 3342 1.
307 3282 488 3364 apponitur
512 3283 747 3348 adiecti-vis
773 3292 806 3348 et
823 3286 1063 3349 adverbiis:
1082 3287 1157 3351 Cas.
1177 3293 1239 3352 303
1257 3289 1340 3350 satin

162 3403 266 3445 onnes
288 3405 338 3445 res
361 3391 434 3446 sant
450 3387 597 3450 artocreae
612 3391 714 3453 nean
754 3392 845 3456 Trin.
865 3398 927 3456 556
946 3392 1028 3454 caan
1042 3392 1110 3476 [tn]
1124 3413 1235 3456 arcanc
1251 3395 1337 3458 satie.

161 3488 284 3574 Amph.
304 3495 367 3553 838
387 3489 473 3552 Satis
488 3493 641 3557 audacter.
682 3497 777 3560 (turc.
798 3502 860 3562 243
878 3498 1000 3561 satanan
1015 3503 1065 3560 sat
1081 3499 1196 3563 bonnet.
1237 3502 1337 3566 Most.

162 3601 225 3660 827
238 3597 317 3659 satis
329 3597 403 3660 bant
413 3603 495 3662 eant.
527 3600 630 3664 Poen.
644 3607 707 3664 285
720 3605 799 3666 satie
811 3604 883 3665 hene
893 3609 1017 3666 ornatae
1026 3625 1144 3670 scanne.
1180 3607 1261 3671 Oist.
1276 3613 1339 3672 334

163 3703 254 3767 Satin
280 3705 358 3767 istac
382 3705 440 3768 5555
462 3707 497 3768 tn
521 3706 610 3769 corde
633 3712 748 3770 certnan
772 3708 838 3772 est?
884 3710 1009 3774 Bacch.
1038 3717 1100 3775 130
1125 3725 1186 3795 sq.
1205 3713 1283 3775 satie
1305 3718 1341 3775 nt

161 3810 315 3874 connecte
345 3862 351 3874 .
381 3860 387 3875 .
417 3812 488 3876 taec
517 3818 659 3877 concnret
687 3834 808 3894 ecquae.
862 3817 963 3880 Most.
995 3821 1059 3882 254
1087 3819 1172 3881 satin
1195 3821 1337 3902 conposi-

161 3922 225 3980 tnst
253 3919 429 3980 accrementa?
479 3921 571 3986 Pers.
598 3927 660 3986 547
695 3920 752 3985 Sat
776 3921 882 4006 edepol
904 3925 1082 3988 concinnast
1105 3925 1192 4003 lacte.
1240 3927 1336 3991 Asin.

162 4030 224 4087 517
244 4023 330 4087 Satis
354 4025 521 4089 attenuatae
544 4031 688 4093 nnaatn'n.
736 4031 814 4095 Aul.
836 4035 897 4095 160
915 4031 1001 4094 dices
1015 4053 1086 4095 anan
1100 4035 1188 4097 satta.
1236 4035 1336 4100 Most.

161 4135 223 4194 228
248 4135 297 4192 sat
319 4151 370 4193 erc
395 4132 488 4196 (tinea.
539 4135 634 4220 Capt.
655 4142 717 4200 792
735 4139 814 4199 satis
831 4137 887 4200 etin
910 4141 1026 4202 ctatsse
1052 4161 1116 4202 sese
1138 4140 1228 4203 torno
1253 4141 1337 4203 arbi-

161 4237 302 4301 tratn'tnr.
350 4239 473 4304 Pseud.
494 4245 577 4304 1273
602 4241 698 4305 tntntt
720 4243 770 4306 ttta'
793 4245 872 4306 antis
894 4245 996 4323 tacete.
1044 4246 1141 4331 Oapt.
1162 4252 1224 4311 965
1252 4245 1339 4310 Satis

160 4342 330 4421 facnndn’e.
378 4347 470 4410 Pers
489 4353 550 4411 841
577 4368 630 4410 nea
652 4353 702 4411 sat
726 4349 802 4412 tiber
825 4351 947 4414 cidetnr
969 4353 1033 4415 3555
1048 4372 1102 4416 nee
1117 4357 1167 4416 sat
1181 4354 1270 4435 trapi
1285 4375 1338 4418 nee
