3238 5014
635 386 856 446 „21-

247 569 275 626 3.
306 561 350 625 ed
377 567 511 626 bobum
539 561 810 626 enuntiatum
835 557 1132 624 affirmandum
1155 563 1337 646 apponitur

154 670 192 734 in
215 667 510 752 responsionibus:
537 666 659 736 Pseud.¹
685 670 750 730 344
766 665 872 728 Meam
896 669 929 726 m
956 667 1089 728 amicam
1111 667 1303 732 vendidisti?
1320 669 1333 756 it
1393 677 1395 681 ’

155 776 249 840 vaide.
287 775 410 839 Pseud.
430 778 494 838 364
510 774 669 856 Lepirapa
686 771 744 856 (so.
765 771 824 855 es).
854 772 866 854 ss
883 772 982 836 aalide
993 793 1003 834 :
1019 773 1033 854 lt
1043 775 1200 852 pernicies
1214 775 1335 839 adalas-

156 887 284 947 ceatam.
314 883 326 964 ΙΙ
344 901 509 945 acerrume.

245 1007 398 1092 Apparet
419 1006 527 1090 igibus
542 1005 633 1091 apud
649 1006 807 1070 Plautum
824 1004 918 1068 nullo
936 1004 1131 1068 discrimine
1146 1005 1217 1089 legi
1232 1007 1336 1070 valide

159 1120 192 1178 ei
219 1112 321 1194 valde,
352 1097 487 1198 saepius
516 1118 631 1176 tamen
660 1112 847 1196 pleniorem
877 1116 912 1174 ei
942 1111 1167 1196 antiquiorem
1190 1112 1334 1178 formam
1362 1133 1365 1141 ¹

157 1220 272 1294 validm
295 1221 466 1284 rarissime
490 1241 570 1284 vero
594 1218 698 1283 verbo
723 1216 923 1281 adverbium
943 1218 1113 1302 postponi.
1157 1219 1272 1302 Aique
1295 1243 1334 1284 ea

158 1325 375 1410 significatis,
401 1347 502 1410 quam
526 1325 661 1411 proprie
684 1322 771 1387 valde
792 1323 960 1387 consinsi:
975 1325 1120 1404 praviter,
1137 1325 1333 1404 vebemeater,

157 1433 312 1519 plurimis
335 1433 419 1496 locis
444 1455 513 1497 non
537 1432 623 1496 adeo
648 1430 828 1494 debflimea
848 1436 909 1505 esi,
927 1434 965 1494 ui
981 1429 1182 1494 adverbium
1198 1431 1335 1498 dieaiur

152 1561 218 1625 pro
242 1539 389 1625 simplici
412 1539 581 1625 particula
601 1537 761 1622 angendi,
779 1537 839 1601 sed
856 1536 905 1600 eis
921 1537 1135 1621 posissimum
1151 1540 1335 1624 apponitur

159 1644 281 1727 verbis,
300 1667 386 1730 quae
403 1646 534 1730 aliquid
551 1645 730 1710 eoniineni
747 1645 856 1723 iapeas
871 1642 1100 1725 ceteramque
1117 1666 1185 1708 uno
1199 1651 1334 1711 ionium

159 1751 233 1814 loco
256 1752 391 1836 propria
416 1751 624 1835 significatio
647 1751 750 1837 plane
774 1749 971 1814 oblitterata
995 1771 1069 1814 esse
1092 1751 1236 1835 videtur,
1255 1775 1335 1818 eum

99 1858 102 1862 ’
160 1857 246 1941 dica,
272 1879 337 1940 quo
361 1859 447 1922 valde
471 1858 654 1943 apponitur
677 1855 781 1920 verbo
801 1855 906 1936 placeo
931 1854 1046 1939 (Mero.
1075 1856 1159 1941 103).

691 2020 801 2062 sane.

234 2108 441 2172 Pariioulam
451 2126 525 2170 same
533 2107 681 2191 positam
692 2126 765 2168 esse
775 2126 836 2190 pro
846 2104 933 2168 vaide
941 2111 1111 2170 testantur
1121 2108 1334 2190 grammaiici

160 2213 347 2294 (Charisius
369 2236 402 2299 p.
429 2217 502 2278 218.
529 2220 548 2277 8
571 2214 628 2296 K,
645 2212 839 2276 Priscianus
863 2212 908 2276 Π.
932 2235 964 2298 p.
992 2217 1041 2276 71.
1071 2218 1110 2277 12
1126 2213 1201 2298 K.);
1226 2215 1333 2280 mulio

161 2325 274 2384 autem
315 2320 450 2403 saepius
490 2340 560 2382 non
600 2318 737 2401 singula
779 2317 925 2382 affirmat
964 2319 1082 2402 verba,
1124 2320 1185 2384 sed
1223 2327 1333 2388 totum

162 2425 390 2507 enuntiatum,
426 2424 583 2488 similiter
617 2423 746 2489 dicium
775 2447 814 2488 aa
843 2430 928 2508 certe,
952 2427 1101 2507 protecta,
1131 2447 1211 2511 vera,
1242 2428 1333 2492 unde

161 2535 278 2593 exorta
295 2535 347 2593 esi
363 2551 402 2594 ea
419 2529 574 2595 adverbii
590 2530 807 2615 significatio,
826 2553 927 2616 quam
943 2554 1102 2598 vocamus
1119 2536 1331 2600 concessivam.

249 2676 276 2735 1.
303 2673 485 2757 apponitur
509 2672 743 2738 adieciivis
768 2679 804 2739 ei
826 2674 1054 2740 adverbiis:

247 2835 276 2877 a.
301 2813 391 2899 ipsa
421 2815 533 2880 noiio
559 2815 761 2880 affirmaiur:
786 2816 889 2880 Asin:
916 2822 978 2882 386
1004 2839 1052 2900 sq.
1077 2817 1147 2880 acia
1171 2838 1223 2898 epo
1249 2819 1335 2897 taras

160 2939 319 2983 conservas
346 2919 437 2984 Meas
471 2913 501 2984 a'
519 2925 547 2984 te
576 2922 746 2985 cerbarier:
775 2942 850 2985 save
879 2943 931 3003 eya
960 2943 1033 3002 sam
1060 2923 1178 2986 amicas
1206 2928 1331 2991 vostris.

160 3026 255 3112 Capi.
296 3033 358 3092 188
388 3027 493 3108 Asper
528 3049 614 3092 meas
649 3034 748 3092 ateias
781 3049 855 3092 save
886 3034 933 3092 est
961 3029 1054 3114 (nam
1082 3036 1120 3094 ui
1147 3032 1333 3117 parasitum

160 3133 364 3198 esurientem
389 3133 575 3218 deterreas,
600 3135 715 3220 Hegio
738 3136 869 3200 vicium
893 3158 992 3201 suum
1015 3139 1236 3223 asperrimum
1259 3161 1332 3204 esse

159 3238 265 3317 dicii).
312 3239 410 3303 Asin.
441 3242 525 3324 prol.
557 3248 577 3306 8
607 3241 692 3304 Naar
716 3243 800 3323 qaod
822 3243 863 3307 ad
885 3249 1098 3325 arpameatam
1121 3246 1236 3321 attinet.
1260 3265 1334 3309 sarie

160 3344 284 3407 brevest.
331 3345 434 3408 Poen.
455 3351 517 3410 283
536 3369 585 3430 sq.
599 3350 739 3427 paenitet
754 3349 935 3414 Exomatae
950 3355 984 3414 at
999 3352 1107 3416 simas.
1126 3353 1138 3433 ΙΙ
1155 3353 1248 3415 imma
1263 3374 1332 3417 vero

158 3467 232 3510 same
255 3448 417 3513 cammada.
464 3452 536 3515 Mil.
565 3457 649 3518 1116
673 3455 758 3519 Nam
781 3477 850 3521 cam
873 3459 928 3522 iila
951 3478 1026 3521 sarie
1049 3463 1213 3540 compraast
1234 3480 1332 3524 sermo

160 3554 226 3619 tibi.
272 3557 375 3620 Poen.
404 3561 487 3621 1303
512 3565 586 3620 sam
607 3579 706 3639 percas
728 3561 784 3625 bac
806 3565 1046 3628 mulierosumst.

246 3697 278 3762 b.
304 3704 434 3764 totum
459 3701 718 3766 enuntiatum
745 3701 945 3769 affirmatur:
966 3705 1071 3770 sech.
1091 3711 1154 3770 392
1174 3707 1330 3788 Hercvles,

160 3804 213 3885 qai
237 3804 313 3868 deas
335 3825 375 3889 ee,
400 3827 474 3870 saae
498 3807 673 3872 discessisti
695 3827 758 3872 aaa
782 3809 854 3872 beve
877 3810 911 3894 (i.
938 3835 965 3876 e.
993 3833 1074 3876 sane
1096 3813 1184 3878 male
1208 3814 1332 3880 disces·

159 3911 256 3996 sisti).
305 3912 386 3976 oisc.
419 3919 482 3980 235
516 3937 564 4000 sq.
596 3918 784 3981 meretricem
806 3917 929 3982 adstare
952 3921 987 3983 ia
1012 3921 1063 3985 via
1089 3919 1194 3985 Salam
1210 3925 1331 4002 prasti-

159 4018 223 4080 666
242 4037 316 4082 saac
331 4024 384 4083 est.
426 4020 523 4086 Asin.
548 4027 611 4086 646
625 4026 680 4087 via
695 4045 782 4089 eram
798 4025 927 4090 deludi?
943 4027 956 4108 tt
974 4027 1102 4109 dipersi
1115 4049 1197 4094 saae.
1239 4030 1329 4094 Pers.

158 4129 221 4189 447
253 4123 417 4206 Sapimter
444 4147 526 4192 same.
578 4130 670 4195 Trin.
702 4138 764 4196 783
796 4130 877 4196 Scite
906 4133 1002 4197 herde
1029 4155 1111 4200 save.
1163 4136 1234 4200 Mil.
1267 4141 1331 4202 882

161 4231 260 4310 Quam
283 4252 357 4296 save
378 4236 486 4315 mapai
505 4235 627 4314 veterat,
646 4238 694 4300 aii
708 4239 817 4302 damst
831 4235 894 4321 (sic
911 4241 1090 4324 Brixius,
1115 4242 1329 4328 Goeizius;

157 4339 236 4402 mibi
265 4340 345 4404 ciam
374 4346 419 4404 est
447 4342 737 4429 Riisohelius).
784 4347 943 4430 Denique
973 4348 1108 4413 Brixius
1139 4351 1332 4418 conieciura
