3238 5014
767 390 987 478 -3ξς..-

279 562 378 626 Most.
411 565 432 625 4
459 560 529 642 Epo
560 562 617 642 pol
651 566 677 624 13
705 563 789 639 ruri,
820 563 851 625 31
878 569 992 639 333333,
1021 562 1154 626 31313333
1175 562 1274 642 probe
1304 562 1458 642 (verbum

280 669 412 731 31313333
436 669 610 753 signifieat
633 668 725 734 idem
748 668 819 733 fere
843 691 882 733 ao
905 669 1037 747 3331333,
1062 670 1201 750 3331193).
1241 670 1342 734 Most.
1371 676 1453 734 1179

279 780 451 856 utrumque,
476 781 503 839 31
526 776 582 839 hoo
604 781 633 838 31
655 776 745 853 1113331,
765 778 887 865 poteris
909 776 1134 857 33131333333133.
1175 778 1265 841 Pers,
1285 781 1348 841 756
1360 777 1458 856 probe

280 884 444 947 inimicum
467 904 537 946 3333
559 883 653 947 3311333,
693 885 796 948 Poen.
817 889 901 948 1223
918 883 1454 965 113333933331133131333333333.

280 991 385 1055 Poen.
413 996 497 1055 1280
525 990 564 1053 Si
586 1011 637 1071 epo
662 991 779 1053 33133331
801 1009 865 1053 3333
888 990 973 1053 3311333
995 991 1208 1071 1333333313.
1293 1065 1297 1069 .

371 1105 399 1162 3.
426 1099 608 1183 apponitur
632 1099 689 1160 1311
711 1099 885 1160 enuntiato:
907 1097 1007 1162 Most.
1035 1103 1096 1162 736
1120 1097 1215 1180 prote
1244 1097 1458 1160 irivoluimus

282 1205 420 1267 31333333
436 1203 541 1288 (33313
559 1205 757 1269 Lorenzius:
774 1225 808 1267 33
824 1203 1241 1287 3331133331Η33333331331).
1288 1205 1379 1269 Ρ333.
1395 1209 1456 1269 123

290 1310 441 1392 Cynicum
469 1331 534 1375 3333
568 1316 699 1393 3333313333
729 1311 792 1397 (313
823 1333 899 1376 cum
928 1312 959 1374 D
990 1311 1212 1387 Ritsoheliuu
1244 1315 1358 1391 33331333
1384 1311 1457 1390 Bo)

281 1423 401 1501 33333131
422 1419 599 1501 3333331333
621 1419 725 1502 probe.

372 1525 526 1611 Apparet
553 1527 660 1610 igitur
690 1525 852 1591 adverbio
879 1524 974 1608 probe
1002 1525 1201 1610 saepissime
1225 1524 1396 1590 adieetiva
1420 1531 1456 1590 et

283 1632 387 1696 verba
417 1631 588 1715 affirmari,
619 1642 722 1716 atque
750 1632 905 1717 inprimis
936 1655 984 1715 ee,
1015 1655 1102 1716 quae
1126 1633 1303 1697 continent
1327 1630 1457 1716 aliquid

282 1739 389 1803 iocosi
418 1743 453 1803 et
482 1738 604 1824 lepidi3
637 1737 786 1823 denique
816 1740 1135 1804 commemoratione
1157 1737 1251 1804 haud
1273 1738 1455 1823 indignum

284 1845 422 1911 videtur
449 1846 581 1911 nullum
610 1845 811 1910 adverbium
847 1847 981 1931 saepius
1019 1868 1120 1931 quarn
1153 1846 1248 1930 probo
1278 1847 1455 1931 postponi

189 2007 194 2019 ¹
286 1934 467 1999 adieetivis
491 1935 547 1999 vel
570 1934 695 2000 verbis,

374 2041 506 2106 Eadem
521 2042 653 2106 ratione
670 2041 796 2106 dieitur
817 2042 968 2125 adprobo:
989 2041 1080 2107 Trin.
1107 2049 1169 2108 957
1195 2042 1393 2125 coneretur,
1425 2043 1460 2105 331

288 2170 335 2212 3333
358 2149 410 2213 3113
433 2155 461 2212 31
483 2170 535 2231 epo
559 2150 649 2213 11133333
673 2149 825 2213 novissem
849 2149 992 2233 adprobo.

810 2280 934 2340 33313.

375 2388 402 2446 1.
428 2381 661 2446 adieetivis
684 2404 754 2447 non
778 2382 990 2467 apponitur)
1007 2383 1074 2447 nisi
1097 2405 1164 2447 uno
1188 2383 1263 2447 loeo
1288 2405 1459 2470 eompara-

282 2488 374 2552 tivus
390 2490 519 2551 rectius:
537 2489 639 2553 Poen.
658 2493 720 2553 875
740 2511 788 2573 sq.
806 2490 920 2552 33311333
938 2489 1061 2552 Tacitus
1085 2489 1143 2552 1111
1164 2510 1214 2552 333
1229 2491 1349 2574 31313333,
1367 2510 1457 2570 quom

284 2595 367 2675 quod
388 2595 535 2658 dictumst
556 2600 657 2658 3333133
679 2596 806 2659 3333311331
821 2595 949 2684 (3311113
970 2596 1095 2658 Turdus
1119 2597 1178 2660 13131
1200 2599 1349 2679 33313133,
1373 2617 1452 2660 eorr.

284 2702 455 2786 Bothius),
484 2702 546 2767 ubi
572 2707 689 2766 tamen
717 2703 831 2788 potius
857 2725 932 2767 oum
956 2703 1062 2768 verbo
1087 2705 1213 2768 1331133333
1235 2706 1310 2768 31313
1334 2701 1454 2766 adver-

283 2809 379 2874 bium
404 2809 683 2894 ooniungendum
710 2816 771 2876 est.

375 2939 404 2999 2.
430 2934 573 2999 verbis
598 2935 795 3022 apponitur:

373 3083 401 3124 a.
428 3060 555 3125 bonae
578 3061 776 3125 notionis:
806 3060 905 3146 Epid.
933 3059 1083 3124 2921113
1106 3062 1224 3141 poterit
1246 3081 1350 3124 333333
1372 3064 1457 3137 33313,

283 3169 355 3232 iuro
389 3169 445 3248 qui
480 3173 508 3230 31
536 3168 613 3249 lepos
643 3173 731 3233 133331.
779 3168 836 3232 cfr.
868 3175 941 3233 359.
973 3170 1063 3232 Men.
1096 3174 1158 3233 346
1184 3191 1233 3252 sq.
1259 3169 1358 3232 Most.
1386 3173 1459 3232 926.

284 3276 380 3360 Gapt.
408 3282 470 3340 383
496 3274 579 3355 quod
594 3277 629 3338 133
643 3296 709 3338 3333
723 3280 802 3338 33313
819 3275 968 3338 3333133331
991 3280 1074 3338 1333333
1090 3274 1164 3360 (eir.
1181 3297 1258 3361 pag.
1274 3280 1316 3340 34
1329 3273 1459 3358 adnot.)

285 3382 359 3446 Cae.
388 3388 449 3447 105
474 3383 546 3444 3331
568 3387 646 3445 33313
669 3391 722 3464 qm
748 3381 892 3468 33333111)

373 3488 405 3553 b.
431 3489 558 3552 melae
581 3490 783 3554 notionis:
809 3490 934 3554 Baooh.
961 3489 1103 3555 3491113
1126 3490 1315 3554 33333331331
1338 3494 1416 3554 33313
1434 3493 1461 3551 31

279 3596 461 3676 3133133313
485 3595 569 3658 331331
591 3595 764 3681 (similiter
786 3598 859 3661 Mil.
886 3603 948 3663 935
967 3597 1257 3681 3331333333313333,
1282 3620 1313 3685 p.
1341 3597 1406 3681 37).

827 3723 950 3788 ulore.

377 3833 403 3890 1.
430 3827 614 3914 apponitur
649 3744 876 3893 adiectipvo:
915 3829 1039 3916 Amph.
1077 3834 1138 3892 681
1177 3849 1268 3908 quoru
1302 3833 1330 3892 13
1353 3828 1462 3909 pulcre

279 3934 408 4014 plenum
432 3935 561 4014 aspicio,
583 3935 711 4016 pendeo

356 4147 385 4218 *J
406 4152 510 4201 contra
528 4145 607 4217 apud
632 4146 811 4200 Catonern
837 4145 882 4213 (de
902 4165 925 4199 r.
945 4165 967 4199 r.
986 4147 1033 4214 44)
1054 4147 1177 4216 legitur:
1197 4147 1462 4217 13333333313133331

357 4236 405 4302 iu²)
426 4237 548 4292 verbum
568 4253 632 4290 3333
652 4235 792 4306 apposito
813 4235 952 4292 adverbio
972 4240 1040 4290 33313
1059 4255 1118 4290 non
1133 4238 1298 4290 affirmatur
1317 4235 1374 4290 nisi
1395 4254 1462 4290 oon-

286 4307 363 4361 tinet
381 4308 531 4362 notionem
552 4310 662 4362 1333131
681 4309 854 4376 emolumenti,
870 4308 948 4377 quod
961 4308 1082 4362 Brixius
1103 4309 1189 4362 docet
1208 4308 1280 4377 fieri,
1295 4308 1320 4362 si
1340 4327 1357 4362 a
1371 4308 1461 4364 verbo

286 4395 349 4433 33333
369 4378 480 4449 pendet
499 4379 618 4435 dativus
639 4378 728 4447 (Trin.
750 4380 838 4448 1057).
