<?xml version="1.0" encoding="UTF-8"?>
<!DOCTYPE html PUBLIC "-//W3C//DTD XHTML 1.0 Transitional//EN"
    "http://www.w3.org/TR/xhtml1/DTD/xhtml1-transitional.dtd">
<html xmlns="http://www.w3.org/1999/xhtml" xml:lang="en" lang="en">
 <head>
  <title>
</title>
<meta http-equiv="Content-Type" content="text/html;charset=utf-8" />
  <meta name='ocr-system' content='tesseract 3.04.00' />
  <meta name='ocr-capabilities' content='ocr_page ocr_carea ocr_par ocr_line ocrx_word'/>
</head>
<body>
  <div class='ocr_page' id='page_1' title='image "./deadverbiisadno00gehlgoog_0048.png"; bbox 0 0 3238 5014; ppageno 0'>
   <div class='ocr_carea' id='block_1_1' title="bbox 327 912 1199 1183">
    <p class='ocr_par' dir='ltr' id='par_1_1' title="bbox 327 912 1199 1183">
     <span class='ocr_line' id='line_1_1' title="bbox 665 912 855 1002; baseline 0.005 -20"><span class='ocrx_word' id='word_1_1' title='bbox 665 912 768 1002; x_wconf 79' lang='lat' dir='ltr'>caput</span> <span class='ocrx_word' id='word_1_2' title='bbox 796 913 855 984; x_wconf 87' lang='lat' dir='ltr'>ru.</span> 
     </span>
     <span class='ocr_line' id='line_1_2' title="bbox 327 1049 1199 1183; baseline 0.001 -31"><span class='ocrx_word' id='word_1_3' title='bbox 327 1051 394 1152; x_wconf 84' lang='lat' dir='ltr'>lle</span> <span class='ocrx_word' id='word_1_4' title='bbox 430 1049 770 1182; x_wconf 77' lang='lat' dir='ltr'>gradatione</span> <span class='ocrx_word' id='word_1_5' title='bbox 808 1051 1199 1183; x_wconf 77' lang='lat' dir='ltr'><strong>etymologica.</strong></span> 
     </span>
    </p>
   </div>
   <div class='ocr_carea' id='block_1_2' title="bbox 173 1245 1353 1867">
    <p class='ocr_par' dir='ltr' id='par_1_2' title="bbox 173 1245 1353 1867">
     <span class='ocr_line' id='line_1_3' title="bbox 264 1245 1351 1330; baseline -0.002 -18"><span class='ocrx_word' id='word_1_6' title='bbox 264 1245 449 1312; x_wconf 89' lang='lat' dir='ltr'>Varietatis</span> <span class='ocrx_word' id='word_1_7' title='bbox 474 1245 623 1330; x_wconf 85' lang='lat' dir='ltr'>dicendi,</span> <span class='ocrx_word' id='word_1_8' title='bbox 648 1268 715 1330; x_wconf 88' lang='lat' dir='ltr'>qua</span> <span class='ocrx_word' id='word_1_9' title='bbox 737 1246 878 1312; x_wconf 86' lang='lat' dir='ltr'>Plautus</span> <span class='ocrx_word' id='word_1_10' title='bbox 901 1246 939 1310; x_wconf 91' lang='lat' dir='ltr'>in</span> <span class='ocrx_word' id='word_1_11' title='bbox 963 1245 1163 1311; x_wconf 88' lang='lat' dir='ltr'>affirmando</span> <span class='ocrx_word' id='word_1_12' title='bbox 1179 1267 1261 1312; x_wconf 89' lang='lat' dir='ltr'>usus</span> <span class='ocrx_word' id='word_1_13' title='bbox 1287 1253 1351 1330; x_wconf 81' lang='lat' dir='ltr'>est,</span> 
     </span>
     <span class='ocr_line' id='line_1_4' title="bbox 174 1352 1353 1441; baseline 0 -23"><span class='ocrx_word' id='word_1_14' title='bbox 174 1352 362 1441; x_wconf 72' lang='lat' dir='ltr'>perfectam</span> <span class='ocrx_word' id='word_1_15' title='bbox 379 1353 564 1436; x_wconf 82' lang='lat' dir='ltr'>imaginem</span> <span class='ocrx_word' id='word_1_16' title='bbox 581 1352 743 1418; x_wconf 87' lang='lat' dir='ltr'>exhibere</span> <span class='ocrx_word' id='word_1_17' title='bbox 766 1375 836 1417; x_wconf 90' lang='lat' dir='ltr'>non</span> <span class='ocrx_word' id='word_1_18' title='bbox 852 1353 1048 1439; x_wconf 74' lang='lat' dir='ltr'>poterimuS‚</span> <span class='ocrx_word' id='word_1_19' title='bbox 1065 1353 1132 1417; x_wconf 88' lang='lat' dir='ltr'>nisi</span> <span class='ocrx_word' id='word_1_20' title='bbox 1155 1353 1192 1418; x_wconf 88' lang='lat' dir='ltr'>id</span> <span class='ocrx_word' id='word_1_21' title='bbox 1217 1375 1353 1439; x_wconf 89' lang='lat' dir='ltr'>quoque</span> 
     </span>
     <span class='ocr_line' id='line_1_5' title="bbox 174 1458 1353 1546; baseline -0.001 -21"><span class='ocrx_word' id='word_1_22' title='bbox 174 1460 389 1545; x_wconf 75' lang='lat' dir='ltr'>gradationis</span> <span class='ocrx_word' id='word_1_23' title='bbox 412 1481 521 1544; x_wconf 88' lang='lat' dir='ltr'>genus</span> <span class='ocrx_word' id='word_1_24' title='bbox 545 1458 871 1546; x_wconf 83' lang='lat' dir='ltr'>perlustraverimus,</span> <span class='ocrx_word' id='word_1_25' title='bbox 890 1459 981 1544; x_wconf 88' lang='lat' dir='ltr'>quod</span> <span class='ocrx_word' id='word_1_26' title='bbox 1006 1459 1131 1526; x_wconf 88' lang='lat' dir='ltr'>dicitur</span> <span class='ocrx_word' id='word_1_27' title='bbox 1155 1459 1353 1544; x_wconf 85' lang='lat' dir='ltr'>etymolo-¹</span> 
     </span>
     <span class='ocr_line' id='line_1_6' title="bbox 174 1567 1353 1654; baseline -0.001 -22"><span class='ocrx_word' id='word_1_28' title='bbox 174 1569 319 1652; x_wconf 89' lang='lat' dir='ltr'>gicum.</span> <span class='ocrx_word' id='word_1_29' title='bbox 372 1567 527 1650; x_wconf 84' lang='lat' dir='ltr'>Figura</span> <span class='ocrx_word' id='word_1_30' title='bbox 558 1567 839 1652; x_wconf 72' lang='lat' dir='ltr'>etymologica</span> <span class='ocrx_word' id='word_1_31' title='bbox 866 1568 966 1648; x_wconf 90' lang='lat' dir='ltr'>enim,</span> <span class='ocrx_word' id='word_1_32' title='bbox 997 1589 1058 1653; x_wconf 88' lang='lat' dir='ltr'>per</span> <span class='ocrx_word' id='word_1_33' title='bbox 1086 1589 1188 1652; x_wconf 89' lang='lat' dir='ltr'>quam</span> <span class='ocrx_word' id='word_1_34' title='bbox 1219 1589 1353 1654; x_wconf 90' lang='lat' dir='ltr'>compo-</span> 
     </span>
     <span class='ocr_line' id='line_1_7' title="bbox 174 1673 1353 1761; baseline -0.001 -22"><span class='ocrx_word' id='word_1_35' title='bbox 174 1680 301 1740; x_wconf 87' lang='lat' dir='ltr'>nuntur</span> <span class='ocrx_word' id='word_1_36' title='bbox 318 1673 384 1740; x_wconf 92' lang='lat' dir='ltr'>duo</span> <span class='ocrx_word' id='word_1_37' title='bbox 409 1674 561 1740; x_wconf 89' lang='lat' dir='ltr'>eiusdem</span> <span class='ocrx_word' id='word_1_38' title='bbox 577 1674 692 1761; x_wconf 82' lang='lat' dir='ltr'>stirpis</span> <span class='ocrx_word' id='word_1_39' title='bbox 716 1673 891 1758; x_wconf 85' lang='lat' dir='ltr'>vocabula,</span> <span class='ocrx_word' id='word_1_40' title='bbox 911 1696 997 1760; x_wconf 89' lang='lat' dir='ltr'>quae</span> <span class='ocrx_word' id='word_1_41' title='bbox 1013 1675 1095 1739; x_wconf 90' lang='lat' dir='ltr'>item</span> <span class='ocrx_word' id='word_1_42' title='bbox 1111 1677 1353 1760; x_wconf 82' lang='lat' dir='ltr'>grammaticae</span> 
     </span>
     <span class='ocr_line' id='line_1_8' title="bbox 173 1769 1347 1867; baseline 0 -20"><span class='ocrx_word' id='word_1_43' title='bbox 173 1783 307 1867; x_wconf 89' lang='lat' dir='ltr'>legibus</span> <span class='ocrx_word' id='word_1_44' title='bbox 332 1783 502 1848; x_wconf 87' lang='lat' dir='ltr'>artissime</span> <span class='ocrx_word' id='word_1_45' title='bbox 524 1782 614 1847; x_wconf 90' lang='lat' dir='ltr'>inter</span> <span class='ocrx_word' id='word_1_46' title='bbox 630 1805 666 1847; x_wconf 88' lang='lat' dir='ltr'>se</span> <span class='ocrx_word' id='word_1_47' title='bbox 683 1787 811 1847; x_wconf 80' lang='lat' dir='ltr'>conexa</span> <span class='ocrx_word' id='word_1_48' title='bbox 827 1804 930 1848; x_wconf 89' lang='lat' dir='ltr'>unam</span> <span class='ocrx_word' id='word_1_49' title='bbox 946 1769 1157 1866; x_wconf 79' lang='lat' dir='ltr'>eandemque</span> <span class='ocrx_word' id='word_1_50' title='bbox 1173 1782 1347 1848; x_wconf 89' lang='lat' dir='ltr'>notionem</span> 
     </span>
    </p>
   </div>
   <div class='ocr_carea' id='block_1_3' title="bbox 173 1887 1354 4437">
    <p class='ocr_par' dir='ltr' id='par_1_3' title="bbox 173 1887 1353 2939">
     <span class='ocr_line' id='line_1_9' title="bbox 174 1887 1353 1976; baseline -0.001 -21"><span class='ocrx_word' id='word_1_51' title='bbox 174 1889 418 1976; x_wconf 89' lang='lat' dir='ltr'>amplificatam</span> <span class='ocrx_word' id='word_1_52' title='bbox 435 1887 599 1973; x_wconf 89' lang='lat' dir='ltr'>efficiunt,</span> <span class='ocrx_word' id='word_1_53' title='bbox 619 1913 696 1955; x_wconf 89' lang='lat' dir='ltr'>oum</span> <span class='ocrx_word' id='word_1_54' title='bbox 711 1888 781 1954; x_wconf 90' lang='lat' dir='ltr'>lete</span> <span class='ocrx_word' id='word_1_55' title='bbox 796 1894 892 1976; x_wconf 88' lang='lat' dir='ltr'>patet</span> <span class='ocrx_word' id='word_1_56' title='bbox 912 1911 973 1974; x_wconf 85' lang='lat' dir='ltr'>per</span> <span class='ocrx_word' id='word_1_57' title='bbox 988 1889 1148 1954; x_wconf 88' lang='lat' dir='ltr'>Latinum</span> <span class='ocrx_word' id='word_1_58' title='bbox 1166 1912 1353 1956; x_wconf 86' lang='lat' dir='ltr'>sermonem</span> 
     </span>
     <span class='ocr_line' id='line_1_10' title="bbox 174 1996 1353 2080; baseline -0.001 -18"><span class='ocrx_word' id='word_1_59' title='bbox 174 2003 247 2062; x_wconf 90' lang='lat' dir='ltr'>tum</span> <span class='ocrx_word' id='word_1_60' title='bbox 271 2019 402 2062; x_wconf 89' lang='lat' dir='ltr'>summa</span> <span class='ocrx_word' id='word_1_61' title='bbox 425 2019 502 2061; x_wconf 89' lang='lat' dir='ltr'>cum</span> <span class='ocrx_word' id='word_1_62' title='bbox 525 2001 598 2061; x_wconf 87' lang='lat' dir='ltr'>arte</span> <span class='ocrx_word' id='word_1_63' title='bbox 622 1996 714 2062; x_wconf 90' lang='lat' dir='ltr'>culta</span> <span class='ocrx_word' id='word_1_64' title='bbox 738 2001 791 2061; x_wconf 90' lang='lat' dir='ltr'>est</span> <span class='ocrx_word' id='word_1_65' title='bbox 815 2018 834 2060; x_wconf 90' lang='lat' dir='ltr'>a</span> <span class='ocrx_word' id='word_1_66' title='bbox 857 1996 995 2078; x_wconf 90' lang='lat' dir='ltr'>Plaut0;</span> <span class='ocrx_word' id='word_1_67' title='bbox 1015 2001 1143 2080; x_wconf 89' lang='lat' dir='ltr'>quanta</span> <span class='ocrx_word' id='word_1_68' title='bbox 1167 1997 1257 2061; x_wconf 91' lang='lat' dir='ltr'>enim</span> <span class='ocrx_word' id='word_1_69' title='bbox 1282 1997 1353 2061; x_wconf 90' lang='lat' dir='ltr'>dic-</span> 
     </span>
     <span class='ocr_line' id='line_1_11' title="bbox 174 2102 1353 2188; baseline 0.002 -22"><span class='ocrx_word' id='word_1_70' title='bbox 174 2104 278 2168; x_wconf 88' lang='lat' dir='ltr'>tionis</span> <span class='ocrx_word' id='word_1_71' title='bbox 308 2103 465 2168; x_wconf 89' lang='lat' dir='ltr'>ubertate</span> <span class='ocrx_word' id='word_1_72' title='bbox 494 2102 559 2167; x_wconf 89' lang='lat' dir='ltr'>hoc</span> <span class='ocrx_word' id='word_1_73' title='bbox 588 2126 722 2188; x_wconf 87' lang='lat' dir='ltr'>quoque</span> <span class='ocrx_word' id='word_1_74' title='bbox 753 2103 790 2166; x_wconf 94' lang='lat' dir='ltr'>in</span> <span class='ocrx_word' id='word_1_75' title='bbox 813 2125 939 2187; x_wconf 87' lang='lat' dir='ltr'>genere</span> <span class='ocrx_word' id='word_1_76' title='bbox 963 2103 1105 2167; x_wconf 89' lang='lat' dir='ltr'>Plautus</span> <span class='ocrx_word' id='word_1_77' title='bbox 1130 2103 1272 2187; x_wconf 84' lang='lat' dir='ltr'>eluceat,</span> <span class='ocrx_word' id='word_1_78' title='bbox 1296 2104 1353 2168; x_wconf 92' lang='lat' dir='ltr'>vel</span> 
     </span>
     <span class='ocr_line' id='line_1_12' title="bbox 175 2208 1352 2295; baseline 0.001 -22"><span class='ocrx_word' id='word_1_79' title='bbox 175 2209 256 2274; x_wconf 90' lang='lat' dir='ltr'>inde</span> <span class='ocrx_word' id='word_1_80' title='bbox 281 2209 508 2294; x_wconf 83' lang='lat' dir='ltr'>cognoscitur,</span> <span class='ocrx_word' id='word_1_81' title='bbox 535 2209 636 2293; x_wconf 84' lang='lat' dir='ltr'>quod,</span> <span class='ocrx_word' id='word_1_82' title='bbox 661 2214 700 2274; x_wconf 93' lang='lat' dir='ltr'>ut</span> <span class='ocrx_word' id='word_1_83' title='bbox 724 2209 878 2295; x_wconf 88' lang='lat' dir='ltr'>exemplo</span> <span class='ocrx_word' id='word_1_84' title='bbox 902 2214 979 2273; x_wconf 90' lang='lat' dir='ltr'>utar</span> <span class='ocrx_word' id='word_1_85' title='bbox 1003 2208 1164 2292; x_wconf 85' lang='lat' dir='ltr'>dilucido,</span> <span class='ocrx_word' id='word_1_86' title='bbox 1194 2231 1255 2295; x_wconf 91' lang='lat' dir='ltr'>pro</span> <span class='ocrx_word' id='word_1_87' title='bbox 1279 2210 1352 2274; x_wconf 82' lang='lat' dir='ltr'>deae</span> 
     </span>
     <span class='ocr_line' id='line_1_13' title="bbox 173 2314 1352 2401; baseline 0.002 -23"><span class='ocrx_word' id='word_1_88' title='bbox 173 2317 301 2379; x_wconf 72' lang='lat' dir='ltr'>resarciat</span> <span class='ocrx_word' id='word_1_89' title='bbox 323 2315 452 2400; x_wconf 88' lang='lat' dir='ltr'>triplici</span> <span class='ocrx_word' id='word_1_90' title='bbox 475 2314 625 2398; x_wconf 88' lang='lat' dir='ltr'>augendi</span> <span class='ocrx_word' id='word_1_91' title='bbox 647 2315 885 2380; x_wconf 67' lang='lat' dir='ltr'>ratione‘usus</span> <span class='ocrx_word' id='word_1_92' title='bbox 910 2316 1010 2380; x_wconf 87' lang='lat' dir='ltr'>dicit:</span> <span class='ocrx_word' id='word_1_93' title='bbox 1026 2317 1200 2380; x_wconf 81' lang='lat' dir='ltr'>memoriter</span> <span class='ocrx_word' id='word_1_94' title='bbox 1215 2319 1352 2401; x_wconf 73' lang='lat' dir='ltr'>crealici,</span> 
     </span>
     <span class='ocr_line' id='line_1_14' title="bbox 175 2421 1346 2504; baseline 0.006 -22"><span class='ocrx_word' id='word_1_95' title='bbox 175 2441 291 2483; x_wconf 79' lang='lat' dir='ltr'>marroor</span> <span class='ocrx_word' id='word_1_96' title='bbox 313 2421 449 2504; x_wconf 78' lang='lat' dir='ltr'>macrini,</span> <span class='ocrx_word' id='word_1_97' title='bbox 466 2422 613 2484; x_wconf 73' lang='lat' dir='ltr'>anemoria</span> <span class='ocrx_word' id='word_1_98' title='bbox 628 2421 764 2487; x_wconf 81' lang='lat' dir='ltr'>memini.</span> <span class='ocrx_word' id='word_1_99' title='bbox 812 2422 975 2487; x_wconf 87' lang='lat' dir='ltr'>Nostrum</span> <span class='ocrx_word' id='word_1_100' title='bbox 991 2423 1055 2488; x_wconf 88' lang='lat' dir='ltr'>erit</span> <span class='ocrx_word' id='word_1_101' title='bbox 1070 2423 1134 2488; x_wconf 86' lang='lat' dir='ltr'>hoc</span> <span class='ocrx_word' id='word_1_102' title='bbox 1150 2423 1225 2489; x_wconf 91' lang='lat' dir='ltr'>loco</span> <span class='ocrx_word' id='word_1_103' title='bbox 1241 2447 1346 2490; x_wconf 92' lang='lat' dir='ltr'>unum</span> 
     </span>
     <span class='ocr_line' id='line_1_15' title="bbox 177 2527 1352 2618; baseline 0.004 -26"><span class='ocrx_word' id='word_1_104' title='bbox 177 2527 278 2593; x_wconf 93' lang='lat' dir='ltr'>huius</span> <span class='ocrx_word' id='word_1_105' title='bbox 301 2528 431 2612; x_wconf 86' lang='lat' dir='ltr'>figurae</span> <span class='ocrx_word' id='word_1_106' title='bbox 447 2551 555 2613; x_wconf 90' lang='lat' dir='ltr'>genus</span> <span class='ocrx_word' id='word_1_107' title='bbox 572 2530 751 2616; x_wconf 81' lang='lat' dir='ltr'>explicare,</span> <span class='ocrx_word' id='word_1_108' title='bbox 769 2553 891 2616; x_wconf 90' lang='lat' dir='ltr'>nempe</span> <span class='ocrx_word' id='word_1_109' title='bbox 909 2553 949 2595; x_wconf 90' lang='lat' dir='ltr'>ea</span> <span class='ocrx_word' id='word_1_110' title='bbox 964 2531 1171 2617; x_wconf 87' lang='lat' dir='ltr'>perlustrare</span> <span class='ocrx_word' id='word_1_111' title='bbox 1187 2533 1352 2618; x_wconf 88' lang='lat' dir='ltr'>exempla,</span> 
     </span>
     <span class='ocr_line' id='line_1_16' title="bbox 179 2634 1353 2724; baseline 0.004 -25"><span class='ocrx_word' id='word_1_112' title='bbox 179 2634 241 2699; x_wconf 90' lang='lat' dir='ltr'>ubi</span> <span class='ocrx_word' id='word_1_113' title='bbox 263 2641 365 2720; x_wconf 89' lang='lat' dir='ltr'>poeta</span> <span class='ocrx_word' id='word_1_114' title='bbox 389 2636 569 2702; x_wconf 84' lang='lat' dir='ltr'>adiectivis</span> <span class='ocrx_word' id='word_1_115' title='bbox 585 2638 767 2724; x_wconf 81' lang='lat' dir='ltr'>uerbisque</span> <span class='ocrx_word' id='word_1_116' title='bbox 792 2637 955 2702; x_wconf 86' lang='lat' dir='ltr'>adverbia</span> <span class='ocrx_word' id='word_1_117' title='bbox 979 2639 1146 2724; x_wconf 79' lang='lat' dir='ltr'>apposuit,</span> <span class='ocrx_word' id='word_1_118' title='bbox 1172 2661 1258 2722; x_wconf 91' lang='lat' dir='ltr'>quae</span> <span class='ocrx_word' id='word_1_119' title='bbox 1281 2661 1353 2704; x_wconf 92' lang='lat' dir='ltr'>non</span> 
     </span>
     <span class='ocr_line' id='line_1_17' title="bbox 177 2742 1352 2828; baseline 0.006 -23"><span class='ocrx_word' id='word_1_120' title='bbox 177 2742 284 2806; x_wconf 88' lang='lat' dir='ltr'>solem</span> <span class='ocrx_word' id='word_1_121' title='bbox 308 2743 490 2808; x_wconf 90' lang='lat' dir='ltr'>eiusdem</span> <span class='ocrx_word' id='word_1_122' title='bbox 507 2744 838 2828; x_wconf 84' lang='lat' dir='ltr'>significationis</span> <span class='ocrx_word' id='word_1_123' title='bbox 863 2745 1044 2810; x_wconf 87' lang='lat' dir='ltr'>sedetiam</span> <span class='ocrx_word' id='word_1_124' title='bbox 1069 2745 1252 2811; x_wconf 86' lang='lat' dir='ltr'>eiusdem</span> <span class='ocrx_word' id='word_1_125' title='bbox 1276 2749 1352 2812; x_wconf 89' lang='lat' dir='ltr'>ori-</span> 
     </span>
     <span class='ocr_line' id='line_1_18' title="bbox 175 2849 1347 2939; baseline 0.008 -27"><span class='ocrx_word' id='word_1_126' title='bbox 175 2849 288 2932; x_wconf 88' lang='lat' dir='ltr'>ginis</span> <span class='ocrx_word' id='word_1_127' title='bbox 319 2855 398 2914; x_wconf 87' lang='lat' dir='ltr'>sunt</span> <span class='ocrx_word' id='word_1_128' title='bbox 428 2856 531 2934; x_wconf 87' lang='lat' dir='ltr'>atque</span> <span class='ocrx_word' id='word_1_129' title='bbox 564 2850 735 2915; x_wconf 88' lang='lat' dir='ltr'>adiectiva</span> <span class='ocrx_word' id='word_1_130' title='bbox 764 2851 945 2936; x_wconf 76' lang='lat' dir='ltr'>verbaque,</span> <span class='ocrx_word' id='word_1_131' title='bbox 972 2851 1095 2936; x_wconf 88' lang='lat' dir='ltr'>quibus</span> <span class='ocrx_word' id='word_1_132' title='bbox 1121 2860 1347 2939; x_wconf 88' lang='lat' dir='ltr'>apponuntur.</span> 
     </span>
    </p>

    <p class='ocr_par' dir='ltr' id='par_1_4' title="bbox 267 2956 981 3042">
     <span class='ocr_line' id='line_1_19' title="bbox 267 2956 981 3042; baseline 0.003 -22"><span class='ocrx_word' id='word_1_133' title='bbox 267 2962 293 3021; x_wconf 92' lang='grc'><strong>1.</strong></span> <span class='ocrx_word' id='word_1_134' title='bbox 320 2956 483 3021; x_wconf 88' lang='lat' dir='ltr'>adverbia</span> <span class='ocrx_word' id='word_1_135' title='bbox 506 2963 723 3042; x_wconf 89' lang='lat' dir='ltr'>apponuntur</span> <span class='ocrx_word' id='word_1_136' title='bbox 747 2957 981 3022; x_wconf 83' lang='lat' dir='ltr'>adiectivis.</span> 
     </span>
    </p>

    <p class='ocr_par' dir='ltr' id='par_1_5' title="bbox 264 3063 1261 3151">
     <span class='ocr_line' id='line_1_20' title="bbox 264 3063 1261 3151; baseline 0.005 -23"><span class='ocrx_word' id='word_1_137' title='bbox 264 3087 292 3128; x_wconf 92' lang='lat' dir='ltr'>a.</span> <span class='ocrx_word' id='word_1_138' title='bbox 318 3063 481 3130; x_wconf 89' lang='lat' dir='ltr'>adverbia</span> <span class='ocrx_word' id='word_1_139' title='bbox 502 3070 536 3128; x_wconf 89' lang='lat' dir='ltr'>et</span> <span class='ocrx_word' id='word_1_140' title='bbox 553 3063 723 3129; x_wconf 85' lang='lat' dir='ltr'>adiectiva</span> <span class='ocrx_word' id='word_1_141' title='bbox 747 3064 932 3129; x_wconf 87' lang='lat' dir='ltr'>eiusdem</span> <span class='ocrx_word' id='word_1_142' title='bbox 956 3066 1141 3151; x_wconf 87' lang='lat' dir='ltr'>originis</span> <span class='ocrx_word' id='word_1_143' title='bbox 1166 3075 1261 3133; x_wconf 84' lang='lat' dir='ltr'>sunt:</span> 
     </span>
    </p>

    <p class='ocr_par' dir='ltr' id='par_1_6' title="bbox 177 3170 1354 3367">
     <span class='ocr_line' id='line_1_21' title="bbox 263 3170 1352 3255; baseline 0.002 -20"><span class='ocrx_word' id='word_1_144' title='bbox 263 3171 377 3235; x_wconf 90' lang='lat' dir='ltr'>belle</span> <span class='ocrx_word' id='word_1_145' title='bbox 407 3171 560 3238; x_wconf 89' lang='lat' dir='ltr'>bellus:</span> <span class='ocrx_word' id='word_1_146' title='bbox 585 3170 676 3237; x_wconf 86' lang='lat' dir='ltr'>Rud.</span> <span class='ocrx_word' id='word_1_147' title='bbox 706 3175 770 3236; x_wconf 82' lang='lat'>426</span> <span class='ocrx_word' id='word_1_148' title='bbox 795 3171 869 3234; x_wconf 84' lang='lat' dir='ltr'>Noa</span> <span class='ocrx_word' id='word_1_149' title='bbox 893 3171 962 3235; x_wconf 83' lang='lat' dir='ltr'>licet</span> <span class='ocrx_word' id='word_1_150' title='bbox 985 3177 1011 3235; x_wconf 85' lang='lat' dir='ltr'>te</span> <span class='ocrx_word' id='word_1_151' title='bbox 1034 3173 1080 3236; x_wconf 84' lang='lat' dir='ltr'>sir</span> <span class='ocrx_word' id='word_1_152' title='bbox 1097 3174 1256 3255; x_wconf 77' lang='lat' dir='ltr'>placidula</span> <span class='ocrx_word' id='word_1_153' title='bbox 1279 3175 1352 3239; x_wconf 81' lang='lat' dir='ltr'>delle</span> 
     </span>
     <span class='ocr_line' id='line_1_22' title="bbox 177 3278 1354 3367; baseline 0.005 -27"><span class='ocrx_word' id='word_1_154' title='bbox 177 3278 284 3341; x_wconf 82' lang='lat' dir='ltr'>bellora</span> <span class='ocrx_word' id='word_1_155' title='bbox 318 3278 462 3358; x_wconf 70' lang='lat' dir='ltr'>tongere?</span> <span class='ocrx_word' id='word_1_156' title='bbox 498 3279 621 3361; x_wconf 82' lang='lat' dir='ltr'>(bellora</span> <span class='ocrx_word' id='word_1_157' title='bbox 656 3279 729 3344; x_wconf 80' lang='lat' dir='ltr'>bella</span> <span class='ocrx_word' id='word_1_158' title='bbox 762 3279 851 3363; x_wconf 88' lang='lat' dir='ltr'>libri,</span> <span class='ocrx_word' id='word_1_159' title='bbox 887 3281 1097 3367; x_wconf 88' lang='lat' dir='ltr'>transposuit</span> <span class='ocrx_word' id='word_1_160' title='bbox 1132 3282 1354 3366; x_wconf 84' lang='lat' dir='ltr'>Schoellius);·</span> 
     </span>
    </p>

    <p class='ocr_par' dir='ltr' id='par_1_7' title="bbox 267 3382 1352 3470">
     <span class='ocr_line' id='line_1_23' title="bbox 267 3382 1352 3470; baseline 0.007 -24"><span class='ocrx_word' id='word_1_161' title='bbox 267 3382 390 3447; x_wconf 88' lang='lat' dir='ltr'>docte</span> <span class='ocrx_word' id='word_1_162' title='bbox 405 3385 636 3468; x_wconf 88' lang='lat' dir='ltr'>perdoctus:</span> <span class='ocrx_word' id='word_1_163' title='bbox 653 3387 725 3451; x_wconf 90' lang='lat' dir='ltr'>Mil.</span> <span class='ocrx_word' id='word_1_164' title='bbox 739 3393 801 3452; x_wconf 75' lang='lat'>258</span> <span class='ocrx_word' id='word_1_165' title='bbox 813 3387 967 3451; x_wconf 80' lang='lat' dir='ltr'>cloctclibo‘</span> <span class='ocrx_word' id='word_1_166' title='bbox 976 3387 1248 3470; x_wconf 77' lang='lat' dir='ltr'>illaropcrrloctcoa</span> <span class='ocrx_word' id='word_1_167' title='bbox 1258 3390 1352 3468; x_wconf 65' lang='lat' dir='ltr'>dolam</span> 
     </span>
    </p>

    <p class='ocr_par' dir='ltr' id='par_1_8' title="bbox 176 3490 1353 3680">
     <span class='ocr_line' id='line_1_24' title="bbox 265 3490 1353 3578; baseline 0.006 -23"><span class='ocrx_word' id='word_1_168' title='bbox 265 3490 521 3577; x_wconf 87' lang='lat' dir='ltr'>inpudenter</span> <span class='ocrx_word' id='word_1_169' title='bbox 554 3493 779 3578; x_wconf 87' lang='lat' dir='ltr'>inpudens:</span> <span class='ocrx_word' id='word_1_170' title='bbox 816 3494 907 3560; x_wconf 87' lang='lat' dir='ltr'>Rud.</span> <span class='ocrx_word' id='word_1_171' title='bbox 944 3502 1007 3561; x_wconf 79' lang='grc'>977</span> <span class='ocrx_word' id='word_1_172' title='bbox 1044 3496 1131 3574; x_wconf 79' lang='lat' dir='ltr'>odiro,</span> <span class='ocrx_word' id='word_1_173' title='bbox 1168 3497 1353 3578; x_wconf 77' lang='lat' dir='ltr'>iupurleoter</span> 
     </span>
     <span class='ocr_line' id='line_1_25' title="bbox 176 3582 946 3680; baseline 0.001 -17"><span class='ocrx_word' id='word_1_174' title='bbox 176 3598 356 3680; x_wconf 78' lang='lat' dir='ltr'>inpudens?</span> <span class='ocrx_word' id='word_1_175' title='bbox 944 3582 946 3586; x_wconf 32' lang='lat'><strong><em>¹</em></strong></span> 
     </span>
    </p>

    <p class='ocr_par' dir='ltr' id='par_1_9' title="bbox 176 3701 1349 3900">
     <span class='ocr_line' id='line_1_26' title="bbox 265 3701 1349 3792; baseline 0.004 -22"><span class='ocrx_word' id='word_1_176' title='bbox 265 3707 390 3791; x_wconf 89' lang='lat' dir='ltr'>longe</span> <span class='ocrx_word' id='word_1_177' title='bbox 414 3701 713 3791; x_wconf 85' lang='lat' dir='ltr'>longissumus:</span> <span class='ocrx_word' id='word_1_178' title='bbox 735 3707 833 3771; x_wconf 89' lang='lat' dir='ltr'>Most.</span> <span class='ocrx_word' id='word_1_179' title='bbox 854 3713 914 3771; x_wconf 85' lang='lat'>911</span> <span class='ocrx_word' id='word_1_180' title='bbox 935 3709 1022 3790; x_wconf 67' lang='lat' dir='ltr'>longo</span> <span class='ocrx_word' id='word_1_181' title='bbox 1037 3709 1174 3772; x_wconf 76' lang='lat' dir='ltr'>cotulam</span> <span class='ocrx_word' id='word_1_182' title='bbox 1193 3711 1349 3792; x_wconf 68' lang='lat' dir='ltr'>longisss-</span> 
     </span>
     <span class='ocr_line' id='line_1_27' title="bbox 176 3811 541 3900; baseline 0.019 -28"><span class='ocrx_word' id='word_1_183' title='bbox 176 3816 267 3876; x_wconf 82' lang='lat' dir='ltr'>roost.</span> <span class='ocrx_word' id='word_1_184' title='bbox 316 3811 390 3896; x_wconf 77' lang='lat' dir='ltr'>(cfr.</span> <span class='ocrx_word' id='word_1_185' title='bbox 414 3837 446 3900; x_wconf 90' lang='lat' dir='ltr'>p.</span> <span class='ocrx_word' id='word_1_186' title='bbox 473 3814 541 3900; x_wconf 80' lang='grc'>28);</span> 
     </span>
    </p>

    <p class='ocr_par' dir='ltr' id='par_1_10' title="bbox 176 3919 1350 4115">
     <span class='ocr_line' id='line_1_28' title="bbox 265 3919 1350 3989; baseline 0.005 -5"><span class='ocrx_word' id='word_1_187' title='bbox 265 3919 494 3984; x_wconf 91' lang='lat' dir='ltr'>mirimodis</span> <span class='ocrx_word' id='word_1_188' title='bbox 529 3921 745 3987; x_wconf 90' lang='lat' dir='ltr'>mirabilis:</span> <span class='ocrx_word' id='word_1_189' title='bbox 780 3921 870 3986; x_wconf 83' lang='lat' dir='ltr'>Trin.</span> <span class='ocrx_word' id='word_1_190' title='bbox 906 3927 968 3986; x_wconf 87' lang='grc'>931</span> <span class='ocrx_word' id='word_1_191' title='bbox 1003 3923 1138 3987; x_wconf 80' lang='lat' dir='ltr'>nimiam</span> <span class='ocrx_word' id='word_1_192' title='bbox 1171 3925 1350 3989; x_wconf 80' lang='lat' dir='ltr'>roiriraoolis</span> 
     </span>
     <span class='ocr_line' id='line_1_29' title="bbox 176 4025 749 4115; baseline 0.005 -26"><span class='ocrx_word' id='word_1_193' title='bbox 176 4026 336 4090; x_wconf 81' lang='lat' dir='ltr'>mirabiles</span> <span class='ocrx_word' id='word_1_194' title='bbox 359 4025 417 4111; x_wconf 86' lang='lat' dir='ltr'>(se.</span> <span class='ocrx_word' id='word_1_195' title='bbox 444 4027 524 4090; x_wconf 85' lang='lat' dir='ltr'>locos</span> <span class='ocrx_word' id='word_1_196' title='bbox 546 4029 645 4115; x_wconf 51' lang='lat' dir='ltr'>addit·</span> <span class='ocrx_word' id='word_1_197' title='bbox 747 4073 749 4078; x_wconf 79' lang='lat'><em>·</em></span> 
     </span>
    </p>

    <p class='ocr_par' dir='ltr' id='par_1_11' title="bbox 176 4135 1352 4329">
     <span class='ocr_line' id='line_1_30' title="bbox 266 4135 1349 4205; baseline 0.004 -5"><span class='ocrx_word' id='word_1_198' title='bbox 266 4135 415 4200; x_wconf 89' lang='lat' dir='ltr'>misere</span> <span class='ocrx_word' id='word_1_199' title='bbox 438 4135 577 4201; x_wconf 87' lang='lat' dir='ltr'>miser:</span> <span class='ocrx_word' id='word_1_200' title='bbox 602 4136 683 4201; x_wconf 75' lang='lat' dir='ltr'>(list.</span> <span class='ocrx_word' id='word_1_201' title='bbox 707 4143 769 4202; x_wconf 73' lang='lat'>522</span> <span class='ocrx_word' id='word_1_202' title='bbox 787 4136 848 4200; x_wconf 88' lang='lat' dir='ltr'>Illo</span> <span class='ocrx_word' id='word_1_203' title='bbox 865 4141 938 4200; x_wconf 78' lang='lat' dir='ltr'>aaut</span> <span class='ocrx_word' id='word_1_204' title='bbox 952 4136 1091 4200; x_wconf 80' lang='lat' dir='ltr'>horroioes</span> <span class='ocrx_word' id='word_1_205' title='bbox 1106 4139 1217 4202; x_wconf 80' lang='lat' dir='ltr'>misere</span> <span class='ocrx_word' id='word_1_206' title='bbox 1232 4140 1349 4205; x_wconf 81' lang='lat' dir='ltr'>miseri.</span> 
     </span>
     <span class='ocr_line' id='line_1_31' title="bbox 176 4242 1352 4329; baseline 0.005 -25"><span class='ocrx_word' id='word_1_207' title='bbox 176 4242 299 4325; x_wconf 82' lang='lat' dir='ltr'>(Nirroo&#39;a</span> <span class='ocrx_word' id='word_1_208' title='bbox 324 4247 398 4305; x_wconf 77' lang='lat' dir='ltr'>sarad</span> <span class='ocrx_word' id='word_1_209' title='bbox 424 4247 476 4307; x_wconf 83' lang='lat' dir='ltr'>cet.</span> <span class='ocrx_word' id='word_1_210' title='bbox 522 4243 731 4329; x_wconf 82' lang='lat' dir='ltr'>Muellems).</span> <span class='ocrx_word' id='word_1_211' title='bbox 777 4244 900 4309; x_wconf 89' lang='lat' dir='ltr'>Pseud.</span> <span class='ocrx_word' id='word_1_212' title='bbox 934 4250 972 4310; x_wconf 86' lang='lat'>13</span> <span class='ocrx_word' id='word_1_213' title='bbox 997 4244 1116 4307; x_wconf 78' lang='lat' dir='ltr'>Misero</span> <span class='ocrx_word' id='word_1_214' title='bbox 1144 4246 1239 4309; x_wconf 75' lang='lat' dir='ltr'>irrisor</span> <span class='ocrx_word' id='word_1_215' title='bbox 1266 4267 1352 4324; x_wconf 65' lang='lat' dir='ltr'>som·</span> 
     </span>
    </p>

    <p class='ocr_par' dir='ltr' id='par_1_12' title="bbox 265 4349 1352 4437">
     <span class='ocr_line' id='line_1_32' title="bbox 265 4349 1352 4437; baseline 0.005 -24"><span class='ocrx_word' id='word_1_216' title='bbox 265 4372 391 4436; x_wconf 88' lang='lat' dir='ltr'>parce</span> <span class='ocrx_word' id='word_1_217' title='bbox 407 4371 569 4437; x_wconf 89' lang='lat' dir='ltr'>parcus:</span> <span class='ocrx_word' id='word_1_218' title='bbox 586 4349 665 4418; x_wconf 87' lang='lat' dir='ltr'>Aul.</span> <span class='ocrx_word' id='word_1_219' title='bbox 684 4355 747 4416; x_wconf 84' lang='lat'>314</span> <span class='ocrx_word' id='word_1_220' title='bbox 763 4351 1352 4433; x_wconf 80' lang='lat' dir='ltr'>morlolerroporcaporcompraedicas;</span> 
     </span>
    </p>
   </div>
   <div class='ocr_carea' id='block_1_4' title="bbox 0 0 1624 5014">
    <p class='ocr_par' dir='ltr' id='par_1_13' title="bbox 0 0 1624 5014">
     <span class='ocr_line' id='line_1_33' title="bbox 0 0 1624 5014; baseline 0 0"><span class='ocrx_word' id='word_1_221' title='bbox 0 0 1624 5014; x_wconf 95' lang='lat' dir='ltr'> </span> 
     </span>
    </p>
   </div>
  </div>
 </body>
</html>
