3238 5014
637 455 857 515 ...15-

163 630 224 710 (sic
239 628 341 711 BOD,
365 631 463 709 scitne
484 628 537 698 A).
576 629 667 694 Trin.
694 635 756 692 936
773 609 918 690 Nimiam
939 627 1123 709 annoticum
1141 629 1328 707 retractarem.

164 735 238 800 033.
271 740 332 799 771
368 737 502 799 nimiam
535 735 634 816 tepide
667 735 874 798 dissimulant.
930 734 1006 799 Mil.
1038 739 1101 798 998
1137 738 1220 796 aciat
1253 733 1334 797 hane

163 840 317 904 hominem
344 842 478 904 nimiam
507 841 651 922 tepidam.
702 842 776 906 Mil.
810 845 894 905 1003
931 840 1032 920 epeast
1064 841 1197 902 nimium
1231 839 1334 920 tepida

164 948 319 1026 nimisque
340 947 444 1011 nitida
465 948 590 1027 (emina.
636 951 737 1014 Poen.
763 953 825 1013 001
851 947 996 1012 Nimiam
1019 946 1156 1027 tepidum
1178 965 1329 1010 memoras

165 1051 297 1129 faciam.
345 1055 442 1120 Truc.
468 1061 530 1120 505
560 1054 673 1137 Pepeei
695 1075 830 1137 paenam
859 1055 995 1118 nimiam
1024 1053 1170 1135 tepidam.
1224 1053 1331 1118 Stich.

167 1163 230 1223 698
246 1159 391 1222 Nimiam
406 1160 504 1242 tepide
526 1163 561 1225 in
582 1166 711 1226 mentem
733 1162 824 1224 uenit.
863 1160 971 1226 Stich.
991 1164 1053 1225 748
1069 1159 1215 1223 Nimiam
1232 1159 1331 1240 tepide

138 1301 140 1306 ,
165 1262 339 1342 fabulatast.
374 1265 452 1332 Aul.
470 1273 533 1333 537
549 1269 695 1331 Nimiam
710 1266 907 1331 tabenteredi
921 1286 1089 1330 emmonem
1100 1271 1196 1331 tanen.
1231 1267 1334 1332 Mero.

165 1377 230 1437 479
246 1375 380 1437 nimiam
394 1376 526 1439 mattam
540 1375 612 1438 ocis,
644 1374 735 1438 Trin.
748 1378 810 1438 931
823 1374 957 1436 nimiam
972 1373 1150 1437 mirimodis
1165 1373 1334 1455 mirabitis·

165 1481 264 1545 'huc
288 1486 353 1546 859
384 1483 519 1544 nimiam
539 1481 598 1561 pot
625 1484 795 1561 opportune
817 1480 973 1562 eoreditar
994 1480 1089 1559 toras.
1138 1479 1262 1544 Bacch.
1289 1484 1330 1544 74

166 1588 300 1649 nimiam
317 1588 488 1667 pretiosast
509 1588 659 1667 operaria.
707 1586 789 1651 Oist.
808 1592 848 1652 18
872 1607 943 1651 mro
967 1588 1110 1650 nimiam·
1125 1586 1225 1669 dabat,
1251 1587 1334 1667 qaod

168 1693 300 1756 biberem
314 1691 438 1776 (minus
454 1700 546 1758 recte
557 1713 629 1757 raro
640 1695 722 1757 enim
738 1693 872 1780 scripsit
888 1692 1095 1779 Ussingius).
1137 1695 1229 1759 Trin.
1249 1701 1333 1759 1060

167 1802 310 1883 ninnium,
343 1800 485 1879 Stasime,
515 1803 652 1866 saeviter.
705 1799 779 1866 Cas.
812 1807 875 1866 599
903 1802 1037 1864 nimiam
1066 1803 1140 1864 scite
1168 1802 1265 1864 scitas
1294 1821 1333 1866 33.

168 1910 271 1974 Merc.
297 1913 360 1972 596
385 1908 527 1972 tondetur
548 1910 681 1971 nimium
703 1909 784 1972 scite.
833 1907 955 1973 Pseud.
982 1913 1066 1973 1039
1090 1909 1225 1971 ninnium
1247 1909 1333 1972 tarde

167 2014 367 2096 eorediantm
388 2014 483 2093 toras.
531 2014 613 2079 Oist.
632 2020 694 2079 307
711 2015 845 2077 nimiam
867 2015 896 2077 is
919 2015 1068 2095 oeniandi
1080 2015 1190 2096 arada.

256 2123 436 2185 Praeterea
457 2122 591 2184 nimiam
623 2125 715 2185 recte
750 2121 900 2185 restituit
923 2121 1104 2204 Langenus
1144 2123 1241 2186 Tmo.
1269 2127 1332 2187 704

167 2228 302 2291 nimiam
317 2247 444 2309 mannae
466 2228 636 2292 mettinaest
649 2227 737 2308 mitri,
760 2226 820 2290 ubi
834 2227 871 2289 in
888 2225 1062 2291 codicibus
1078 2227 1220 2311 legitur:
1237 2230 1334 2292 nimio

168 2355 295 2414 mannae
318 2338 377 2410 eet;
401 2333 461 2398 cfr.
485 2357 517 2418 p.
545 2339 595 2396 17.

259 2457 507 2522 Coniectura
537 2457 698 2522 Goetuius
726 2455 860 2520 addidit
886 2457 1019 2520 nimiam
1043 2458 1086 2522 ad
1113 2465 1257 2524 metrum
1282 2483 1333 2524 sa-

168 2564 319 2630 nandum
334 2566 436 2629 Poen.
454 2569 534 2630 874:
554 2563 666 2628 Veram
682 2565 772 2647 enim,
791 2566 847 2645 qai
860 2563 948 2628 torreo
965 2586 1033 2628 eam
1056 2569 1150 2650 norit,
1167 2566 1335 2652 [ninnium]

153 2672 225 2736 eito
248 2672 336 2735 tremo
353 2673 495 2753 pervorti
511 2676 622 2754 potest.

253 2779 453 2842 Inmerito
482 2778 628 2861 denique
651 2779 718 2843 huc
740 2779 885 2843 refertur
900 2779 971 2860 (cir.
988 2780 1141 2864 Langen.
1167 2781 1272 2844 Beitr.
1297 2805 1330 2866 p.

169 2885 245 2961 334)
267 2883 370 2946 Poen.
396 2889 476 2948 371:
493 2883 562 2963 Eoo
585 2883 657 2960 taxo
672 2885 703 2946 si
717 2905 780 2946 non
802 2886 882 2947 irata
898 2905 929 2946 es
951 2886 1085 2948 nimiam
1104 2906 1167 2965 pro
1192 2891 1219 2949 te
1234 2887 1329 2971 dabit,

168 3011 233 3073 quo
256 2991 292 3053 in
315 3011 416 3055 versu
440 2989 483 3053 ab
507 2988 694 3054 editoribus
718 2990 861 3054 multum
876 2997 999 3054 vexato
1022 2992 1160 3054 mimium
1183 3013 1252 3055 non
1276 2992 1334 3056 ad-

165 3097 289 3161 iectivo
313 3097 395 3160 irata
418 3097 609 3183 appositum
633 3101 694 3178 est,
713 3096 774 3160 sed
790 3097 1001 3161 accusativus
1019 3096 1184 3162 adiectivi
1207 3097 1334 3183 pendet

129 3225 132 3234 ’
166 3203 312 3271 averbo
336 3203 429 3268 dabit.

256 3335 284 3393 9.
310 3329 490 3415 apponitur
512 3329 668 3393 verbis:
692 3329 784 3394 Trin.
803 3333 844 3395 98
859 3329 910 3393 teia
924 3331 1058 3394 m'miam
1081 3330 1212 3393 inertas
1235 3351 1352 3395 mores

166 3439 281 3500 inuasit
303 3436 407 3500 bonos,
452 3437 556 3500 Mero.
574 3442 638 3502 695
658 3436 803 3500 Nimiam
826 3435 991 3501 obsanaait.
1040 3436 1115 3502 Oas.
1135 3442 1209 3503 647.
1235 3439 1332 3504 Truc.

166 3550 230 3609 896
258 3543 391 3607 nimiam
419 3545 527 3606 saevis.
578 3543 679 3608 Mero.
711 3550 774 3608 686
802 3543 947 3608 Nimiam
975 3545 1038 3607 seis
1059 3563 1177 3624 sapae.
1225 3545 1331 3609 Stich.

167 3657 230 3715 360
253 3650 303 3714 hic
325 3649 422 3714 iterate
443 3649 532 3714 tomo
555 3651 687 3713 nimiam
709 3651 801 3731 sapit.
849 3651 923 3715 Cas.
949 3656 1022 3715 950.
1046 3649 1169 3714 Pseud.
1194 3653 1332 3715 asam·-

167 3758 262 3818 miam
287 3759 393 3822 tinnis.
440 3758 512 3823 Mil.
539 3763 601 3823 716
631 3757 822 3836 nimiamque
844 3756 889 3819 ad
910 3762 937 3820 te
959 3762 987 3820 et
1009 3761 1093 3820 taam
1118 3757 1214 3820 'uitam
1236 3757 1331 3822 eides.

256 3861 341 3926 Cum
362 3866 544 3948 negatione
560 3865 657 3929 nimis
673 3871 706 3930 et
721 3866 855 3927 nimiam
870 3864 960 3951 apud
977 3865 1122 3930 comicos
1147 3887 1332 3951 numquam

168 3968 330 4052 coniungi
351 3975 443 4034 recte
466 3971 554 4037 vidit
575 3972 734 4037 Handius
764 3972 871 4053 (Turs.
895 3971 965 4054 IV„
992 3972 1076 4051 910).
1130 3972 1218 4036 Nam
1242 3972 1332 4056 quod

167 4075 257 4163 apud
280 4076 438 4141 Plautum
461 4077 586 4162 legitur
608 4079 710 4144 Merc.
739 4084 799 4144 195
825 4080 920 4142 nimis
941 4078 1036 4142 nihili
1060 4078 1175 4142 tibicen
1197 4080 1274 4142 siem
1298 4086 1333 4145 et

166 4184 255 4248 Rud.
274 4189 337 4249 990
361 4185 457 4247 nimis
479 4183 567 4248 honio
590 4183 722 4268 nihilist,
740 4185 879 4272 apparet
900 4184 996 4249 nihili
1018 4185 1186 4250 adiective
1204 4185 1332 4252 dictum

167 4314 240 4356 3333
262 4314 323 4377 pro
347 4292 436 4376 malo,
460 4311 607 4372 nequam;
631 4299 666 4356 et
689 4292 779 4378 quod
801 4293 926 4358 Bacch.
947 4298 1030 4358 1083
1054 4292 1264 4358 Philoxenus
1281 4293 1331 4358 di·

167 4400 228 4464 cit:
253 4399 308 4462 sed
328 4401 425 4463 niueis
447 4400 517 4464 noto
540 4401 570 4462 ei
591 4399 728 4463 desidiae
743 4399 815 4462 dare
831 4399 946 4481 tendum,
964 4399 1020 4463 hic
1042 4399 1139 4461 nimis
1161 4421 1231 4463 non
1255 4421 1331 4464 oum
