3238 5014
723 397 923 455 ..6.-

235 571 374 655 quidem
399 570 443 635 ad
467 566 677 658 propositum
700 570 861 636 inductus
886 592 960 634 sum
983 570 1061 653 non,
1088 569 1178 654 quod
1201 570 1283 635 novi
1309 570 1406 656 quid·

235 701 336 763 quam
357 700 410 742 me
427 679 604 744 enucleare
627 701 726 763 posse
750 698 931 763 sperarem,
946 676 1006 740 sed
1029 683 1069 742 ut
1093 699 1140 761 ea,
1159 700 1246 762 quae
1263 678 1305 742 ab
1330 677 1405 742 aliis

233 786 270 849 in
293 786 490 851 universum
514 791 616 870 atque
631 808 692 870 per
707 791 814 849 totam
829 783 1038 848 latinitatem
1061 785 1291 870 pervestigata
1315 791 1404 869 sunt,

234 893 334 956 certis
363 895 464 960 unius
495 893 668 978 scriptoris
697 892 852 956 terminis
884 890 1202 976 circumscriberem,
1240 893 1295 958 vel
1320 915 1406 978 quae

233 998 345 1064 adhuc
369 999 548 1084 dispersim
573 1004 607 1064 et
624 1000 800 1064 occasione
825 1001 907 1066 data
929 1004 1062 1090 prolata
1085 1006 1173 1084 sunt,
1191 1022 1260 1065 una
1282 1005 1405 1064 tracta-

233 1107 326 1171 tione
351 1106 671 1193 comprehenderem
695 1112 797 1192 atque
822 1109 942 1175 ordine
967 1130 1207 1184 enumerarem.

252 1307 254 1314 y
321 1233 374 1296 Ex
399 1233 447 1297 eis
470 1232 577 1312 libris,
603 1233 726 1317 quibus
750 1235 897 1299 maxime
921 1256 1001 1300 usus
1026 1256 1109 1315 sum,
1138 1233 1292 1318 inprimis
1316 1233 1403 1298 mihi

231 1321 457 1386 nominandus
482 1327 533 1386 est
556 1322 748 1388 Woelfflini
771 1323 858 1388 liber
876 1323 1018 1409 „Letoia
1042 1323 1110 1386 aad
1131 1341 1249 1387 remon.
1270 1320 1402 1402 Compo-

229 1428 352 1491 roticn“
381 1429 578 1515 inscriptus3
605 1430 660 1495 cui
685 1431 765 1513 vire,
784 1433 840 1515 qui
866 1454 996 1497 summa
1020 1453 1103 1518 oum,
1120 1428 1240 1494 iudicii
1266 1429 1402 1495 subtili-

230 1541 300 1600 tate
324 1537 436 1600 omnia
459 1536 670 1621 gradationis
687 1559 814 1621 genera
829 1539 1062 1623 pertractavit,
1079 1537 1229 1602 libenter
1244 1537 1403 1601 meritam

230 1642 367 1707 laudem
389 1642 503 1708 tribuo
527 1667 600 1726 nec,
619 1644 648 1707 si
672 1644 808 1728 quando
834 1645 906 1710 eius
924 1646 1115 1710 sententiae
1140 1644 1339 1729 repugnavi,
1355 1642 1404 1707 la·

232 1750 306 1814 bori
322 1773 383 1836 per
398 1755 450 1815 tot
466 1751 602 1816 saecula
618 1756 689 1816 tam
704 1752 773 1816 late
795 1753 929 1837 patenti
951 1753 1056 1817 velim
1072 1751 1263 1816 obtrectare
1281 1751 1400 1816 videri.

232 1856 390 1921 Summae
418 1879 552 1942 quoque
582 1858 725 1922 utilitati
749 1858 897 1942 fuerunt,
924 1881 1011 1943 quae
1035 1859 1218 1942 Langenus
1243 1858 1404 1924 disseruit

230 1964 266 2026 in
282 1963 387 2047 libris,
406 1964 465 2048 qui
480 1964 728 2030 inscribuntur:
756 1965 925 2047 „Beitrdpc
940 1985 998 2030 aar
1013 1963 1123 2028 Krioa
1134 1964 1202 2027 aad
1215 1963 1405 2047 Erttdronp

230 2071 283 2133 dcc
308 2069 471 2155 Plautus“,
500 2070 668 2149 „Analecta
684 2071 866 2156 Plautino“,
886 2071 1046 2150 „Planta
1067 2071 1230 2150 Stadiea“,
1256 2078 1290 2137 et
1314 2072 1403 2156 quod

230 2178 516 2263 Landgralius
540 2179 716 2265 proposuit
744 2179 780 2243 in
804 2178 1042 2244 dissertatione
1066 2178 1103 2241 de
1125 2179 1239 2260 deeris
1262 2179 1404 2261 etymolo-

227 2287 316 2369 piciS,
341 2308 404 2351 nec
425 2287 562 2351 silentio
585 2285 908 2371 praetermittendus
931 2291 983 2351 est
1006 2284 1166 2350 Handii
1188 2285 1275 2350 liber
1301 2287 1403 2365 ,Tua

228 2393 358 2456 selliaco
381 2414 435 2457 sco
458 2394 495 2456 de
511 2393 711 2474 particulis.
759 2394 801 2458 In
824 2393 978 2459 versibus
995 2393 1187 2458 indicandis
1211 2393 1405 2459 Ritsche*

231 2500 332 2564 lium
357 2506 493 2566 secutus
518 2523 591 2565 sum
615 2505 659 2582 et,
679 2523 762 2584 quos
787 2502 896 2565 socios
921 2522 1043 2587 operae
1067 2503 1259 2587 assumpsit,
1285 2503 1404 2567 Goet-
1436 2483 1438 2490 ¹

231 2607 344 2691 nium,
369 2608 588 2690 Loewium,
614 2607 884 2690 Schoellium,
917 2629 1059 2692 quorum
1083 2630 1184 2692 opera
1199 2609 1236 2672 in
1259 2632 1327 2674 una
1344 2609 1404 2674 Oi-

231 2714 327 2779 stell
339 2716 426 2780 aria
437 2715 555 2780 fabula
567 2715 749 2780 destitutus
766 2714 965 2799 Ussingii
977 2736 1133 2779 numeros
1146 2715 1284 2798 retinui,
1296 2714 1403 2800 frag-

231 2828 364 2887 menta
388 2823 489 2888 attuli
503 2847 544 2888 ex
568 2823 751 2889 Winteri
776 2822 983 2906 recensione,
1001 2844 1081 2887 nam
1093 2821 1294 2907 fragmentis
1322 2845 1403 2908 quo-

231 2952 305 3012 que
324 2930 408 2994 mihi
437 2930 602 2996 utendum
634 2952 708 2994 esse
732 2932 859 3013 censui,
883 2934 957 2995 tum
981 2929 1111 3012 saltem,
1137 2953 1213 2994 cum
1236 2929 1401 2995 librorum

232 3038 394 3101 memoria
422 3060 461 3102 ac
490 3035 672 3103 verborum
696 3026 851 3103 connexu
876 3036 918 3102 de
942 3037 978 3101 vi
1000 3059 1168 3122 sensuque
1193 3037 1403 3121 singulorum

231 3142 382 3208 dubitari
406 3167 475 3209 non
498 3150 623 3231 posset.

319 3270 393 3334 Iam
404 3276 539 3335 transeo
556 3271 599 3335 ad
612 3270 730 3356 ipsam,
749 3292 850 3355 quam
866 3269 950 3334 mihi
965 3269 1135 3356 proposui,
1153 3270 1400 3354 tractationem,

231 3400 332 3461 quam
356 3378 385 3441 si
408 3378 551 3458 institui,
576 3384 615 3443 ut
630 3379 776 3463 primum
792 3378 955 3442 adverbia
977 3378 1144 3464 proprie
1168 3377 1212 3443 ad
1227 3378 1400 3443 notionem

231 3483 423 3568 augendam
447 3484 601 3550 adhibita
625 3507 868 3568 enumerarem,
894 3484 1018 3550 deinde
1043 3509 1091 3564 ea,
1110 3509 1196 3571 quae
1221 3509 1261 3551 ex
1285 3486 1398 3550 nativa

230 3592 266 3654 vi
290 3598 415 3656 certam
439 3591 608 3676 quandam
638 3593 888 3678 qualitatem
918 3593 1109 3658 indicantia
1132 3593 1333 3658 insolentius
1357 3591 1397 3656 ad

230 3698 466 3764 affirmandum
481 3699 740 3785 transferuntur,
760 3705 908 3765 extrema
925 3708 1021 3787 parte
1038 3699 1186 3764 dicerem
1210 3698 1252 3764 de
1275 3699 1399 3784 grada-

230 3807 323 3871 tione
349 3807 641 3892 etymologica.
