3238 5014
764 415 983 474 ...16-

291 587 361 650 uolo
378 587 653 672 coniungendam
670 610 753 672 esse,
775 588 835 652 sed
852 610 928 654 oum
945 588 1018 652 dore
1034 588 1140 652 luduuu
1156 612 1255 655 sensu
1278 591 1458 656 verborum

291 693 511 760 manifestum
529 701 595 759 est:
613 718 716 760 senex
733 696 822 759 enirn
838 715 908 760 non
931 717 1097 781 prorsus
1121 703 1245 781 negat
1268 697 1338 763 filio
1355 698 1457 762 linere

293 801 405 865 animo
430 801 583 885 obsequi,
608 801 668 866 sed
690 802 841 866 nimiae
863 809 998 868 tantum
1023 804 1094 868 eius
1119 803 1269 869 desidiae
1293 804 1458 869 obsistere

290 908 374 972 vult.
421 908 494 972 Neo
511 908 751 992 denegatione
770 931 846 974 oum
869 911 965 973 uiuis
981 911 1162 976 coniuncta
1180 911 1324 996 cogitari
1346 917 1459 998 potest

289 1013 396 1079 Stioh.
423 1019 463 1078 96
499 1018 658 1095 uiuuquuuu
690 1017 772 1078 euiuu
803 1017 901 1081 uiuis
934 1036 1042 1080 rurore
1063 1023 1201 1108 possuui
1227 1038 1315 1081 suoui
1337 1023 1458 1098 putrem

212 1169 215 1177 .
287 1120 372 1200 filiae
395 1126 429 1184 et
458 1119 557 1206 Epid.
586 1126 652 1186 404
681 1144 729 1206 sq.
754 1123 923 1203 Nunquam
938 1124 1035 1188 uiuis
1056 1129 1161 1206 potest
1181 1123 1374 1189 Pudicitiam
1389 1126 1460 1205 quis

292 1247 366 1290 suue
389 1247 511 1290 seruare
533 1228 619 1306 filiae
641 1225 714 1311 (osr.
738 1229 948 1296 Fleckeisen.
973 1230 1094 1299 Philol.
1119 1232 1255 1296 robii.
1279 1255 1311 1316 p.
1337 1233 1403 1311 87).
1483 1291 1485 1296 .

379 1335 503 1398 Restat
526 1341 564 1399 ut
595 1335 641 1399 de
669 1335 816 1400 formis
840 1338 936 1400 uiuuis
959 1343 993 1410 et
1016 1339 1149 1400 uimiuuu
1172 1337 1302 1423 aliquid
1326 1336 1458 1402 addam.

292 1440 405 1524 Atque
429 1447 563 1506 tantum
587 1441 691 1525 abest,
715 1448 755 1506 ut
778 1442 864 1507 duae
888 1444 1044 1508 adverbii
1058 1443 1186 1532 formae
1209 1443 1459 1528 significatione

288 1547 345 1610 vel
368 1569 432 1611 usu
457 1546 611 1632 diversae
635 1548 713 1631 sint,
737 1554 776 1613 ut
801 1555 917 1614 oontra
935 1550 971 1614 in
994 1572 1063 1615 uno
1080 1549 1265 1634 eodemque
1282 1551 1458 1615 enuntiato

289 1675 359 1718 non
386 1655 494 1718 solum
510 1655 669 1721 'alterum
697 1654 859 1720 suooedat
887 1657 995 1738 alteri,
1026 1658 1120 1722 velut
1148 1658 1220 1722 Mil.
1253 1663 1336 1722 1003
1362 1659 1461 1738 ipsust

289 1760 424 1823 uiuuiuu
448 1761 549 1842 lepido
572 1763 726 1841 uiuisque
749 1762 851 1825 uitido
874 1761 999 1844 leuiuu,
1017 1762 1077 1827 sed
1101 1764 1204 1828 etiam
1228 1764 1340 1828 eidem
1361 1786 1460 1828 vooa-

289 1866 369 1931 bulo
394 1873 608 1953 apponantur
629 1890 708 1952 una,
726 1869 822 1933 velut
845 1869 920 1934 Cas
939 1875 1006 1934 771·
1021 1892 1092 1954 sqq.
1118 1871 1251 1934 uiuiuuu
1275 1871 1373 1952 lepido
1396 1869 1459 1933 dis-

290 1973 440 2036 siiuuluut
464 2023 471 2038 .
498 2023 504 2038 .
531 2024 538 2037 .
564 1975 656 2057 dique
676 1980 776 2038 ouiuu
798 1977 889 2056 coqui
903 1976 999 2040 uiuis
1016 1976 1114 2058 lupide
1138 2028 1144 2041 .
1170 2027 1177 2042 .
1204 2027 1211 2040 .
1237 1977 1313 2040 duut
1327 1997 1457 2058 operum.

290 2079 367 2144 Hoo
391 2101 471 2144 vero
497 2086 630 2145 oonstat
660 2082 757 2146 uiuis
778 2083 886 2147 multo
912 2083 1046 2169 saepius
1069 2084 1217 2147 inveniri
1242 2105 1343 2168 quam
1365 2084 1458 2146 uiui-

287 2207 341 2248 uuu
365 2192 400 2250 et
421 2193 602 2272 utrumque
625 2187 824 2256 adverbium
848 2189 981 2275 saepius
1006 2190 1131 2276 apponi
1154 2189 1334 2255 adiectivis
1360 2212 1459 2275 quam

288 2292 412 2375 verbm,
437 2315 516 2356 nam
541 2316 617 2358 oum
640 2300 776 2360 centum
799 2294 869 2360 fere
893 2302 1028 2360 exstent
1051 2298 1215 2383 exempla,
1239 2296 1300 2360 ubi
1321 2295 1459 2359 adiecti-

292 2400 344 2464 vis
368 2401 425 2464 vel
449 2400 621 2465 adverbiis
645 2403 827 2487 apponitur
848 2403 954 2486 uiuuiS,
971 2405 1114 2488 triginta
1136 2403 1207 2468 iere
1230 2403 1314 2468 loeis
1338 2402 1386 2467 sio
1400 2423 1459 2488 po-

289 2507 393 2571 situm
415 2507 591 2570 invonitur
613 2508 755 2589 nimium,
785 2514 919 2572 etcum
943 2511 1040 2572 uiuus
1061 2510 1173 2574 verbis
1198 2509 1338 2590 aooedat
1363 2511 1459 2592 quin-

186 2645 188 2650 *
290 2635 355 2696 quo
378 2612 449 2676 fere
474 2617 508 2676 et
529 2612 658 2696 viginti
672 2613 766 2690 locis,
783 2635 907 2678 novem
922 2614 1007 2678 loeis
1023 2615 1149 2698 legitur
1163 2617 1306 2678 uiuuiuuu.
1353 2616 1458 2680 Vides

289 2720 518 2806 proportionis
542 2723 709 2784 rationem
733 2741 805 2784 esse
828 2742 937 2806 paene
959 2742 1075 2806 parem
1098 2719 1190 2806 (321).

376 2862 515 2927 Praeter
537 2863 633 2926 uiuis
657 2868 691 2926 et
713 2864 849 2926 uiuiuuu
872 2864 959 2929 aliae
976 2863 1130 2929 eiusdem
1154 2863 1309 2930 adverbii
1331 2866 1458 2930 formae

290 2969 438 3053 positivo
463 2969 707 3035 adieetivorum
723 2971 905 3055 verbisque
922 2972 1096 3057 appositae
1112 2970 1202 3056 apud
1217 2973 1373 3034 Plautum
1389 2992 1458 3032 non

290 3076 523 3140 inveniuntur.

377 3183 465 3246 Nam
494 3183 620 3246 nimie
647 3182 790 3247 formam
820 3203 893 3246 esse
921 3178 1101 3244 admodum
1129 3185 1300 3244 recentem
1324 3185 1456 3244 constat

290 3289 381 3352 inter
405 3309 520 3353 omnes
545 3286 618 3373 (cfr.
644 3288 829 3354 Woelfflin.
853 3309 885 3372 p.
912 3284 976 3370 24).

379 3393 428 3458 At
455 3395 591 3479 nimio,
626 3393 716 3479 quod
745 3393 837 3459 haud
866 3415 941 3457 raro
971 3393 1152 3478 apponitur
1176 3394 1456 3480 comparativo

289 3500 363 3585 (efr.
389 3500 597 3565 Fraessdorf.
623 3524 655 3586 p.
682 3500 747 3586 33),
772 3500 901 3566 dietum
925 3522 997 3565 esse
1020 3522 1081 3586 pro
1104 3502 1209 3582 uiuir,
1233 3501 1367 3564 uimiuru
1390 3507 1456 3564 tes·

287 3614 404 3698 tantur
426 3607 648 3692 grammatici.
693 3607 825 3672 Julium
840 3608 1031 3673 Romanum
1048 3607 1137 3674 enim
1153 3623 1287 3673 secutus
1311 3606 1458 3672 Charisi·

288 3737 328 3781 us
353 3714 398 3801 (p.
434 3716 545 3794 208K)
578 3714 676 3778 affert
698 3715 812 3780 Plauti
835 3735 972 3780 versum
994 3714 1131 3799 (Baooh.
1160 3711 1260 3798 164);1
1282 3715 1380 3777 uiuzio
1404 3713 1457 3776 do-

289 3822 388 3887 ciliter
414 3828 448 3886 et
471 3821 595 3886 Naevii
618 3819 695 3906 (frg.
715 3828 753 3887 13
771 3823 827 3902 R.)
875 3830 949 3886 tutio
973 3827 1037 3886 urie
1059 3821 1192 3902 ooiiipor.
1240 3819 1308 3886 Sed
1331 3820 1455 3886 Baooh.

292 3930 390 3996 illurn
413 3951 547 3994 versum
564 3951 665 3994 sensu
685 3951 842 4013 nexuque
862 3928 1042 3994 verborum
1055 3929 1183 3994 rectius
1200 3928 1363 3994 exhibent
1377 3927 1458 3993 libri

292 4036 422 4103 Plauti:
453 4036 564 4100 Nimio
594 4055 627 4099 es
656 4040 689 4098 tu
717 4034 933 4100 adustorum
956 4035 1128 4116 discipulus
1153 4035 1281 4100 docilior
1303 4054 1394 4115 quum
1417 4034 1459 4098 ud

292 4143 356 4226 iiio,
382 4149 417 4207 et
441 4142 565 4207 Naevii
586 4164 714 4226 versus,
733 4164 833 4227 quem
855 4164 925 4208 non
948 4143 1119 4227 integrum
1144 4165 1216 4208 esse
1240 4141 1467 4206 consentiunt·

291 4249 356 4312 viri
383 4247 475 4312 dooti
493 4247 566 4333 (ofr.
580 4249 780 4334 Langenum
802 4272 834 4335 p.
854 4251 939 4332 335),
963 4249 1047 4314 mihi
1063 4248 1190 4314 nullius
1205 4248 1368 4312 momenti
1384 4270 1456 4312 esse

292 4353 437 4420 videtur.
